4372 5640
1183 258 1405 321 ..16-

445 441 553 522 quihus
579 440 611 503 in
636 439 758 502 aedibus
783 439 905 520 lapideis
926 448 978 502 aut
1003 438 1175 501 marmoreis
1203 444 1357 500 uterentur
1378 445 1408 499 et
1429 457 1446 498 a
1468 456 1494 498 v.
1511 437 1552 499 26
1574 438 1627 501 ait:
1663 438 1744 500 ‘ideo
1766 439 1845 518 qnod
1867 436 1980 518 antiqui
2002 436 2076 498 fabri
2090 481 2098 498 .
2113 481 2144 498 ..

445 553 624 635 proiecturas
647 552 797 632 tignorum
812 562 956 633 qnantum
977 552 1147 615 eminebant
1163 551 1199 613 ad
1220 549 1327 613 lineam
1346 558 1376 612 et
1389 549 1631 631 perpendiculum
1647 551 1792 632 perimam
1808 558 2045 632 praesecuerunt,
2066 567 2147 630 qnae

445 666 556 747 species
570 684 639 728 cunr
655 665 809 726 invenusta
824 665 850 727 is
865 664 926 727 visa
941 673 1028 739 esset,
1044 665 1163 727 tabellas
1178 663 1219 726 ita
1234 665 1374 725 formatas
1387 662 1430 724 nti
1441 681 1522 724 nnnc
1532 662 1609 725 fiunt
1624 662 1760 745 triglyphi
1775 672 1877 726 contra
1892 663 2041 744 tignorum
2056 679 2146 744 prae-

445 778 570 841 cisiones
591 777 622 840 in
647 780 745 840 lronte
766 778 894 840 fixerunt
921 787 951 840 et
977 797 1026 840 eas
1047 797 1113 840 cera
1134 777 1266 839 caerulea
1289 775 1497 857 depinxerunt,
1527 785 1561 837 nt
1583 774 1771 857 praecisiones
1797 781 1943 856 :tyanam
1969 785 2057 838 uotae
2081 793 2144 838 non

446 889 629 952 offenderent
646 889 759 951 visum:
781 889 822 951 ila
838 890 1143 970 dehonestamenta
1160 901 1245 953 tectae
1262 889 1471 970 triglyphorum
1488 888 1711 968 dispositionem
1727 898 1757 952 et
1772 889 1942 969 intertignia
1957 897 2145 970 metoparum

446 1002 552 1065 hahere
567 1003 597 1064 in
620 1001 727 1064 doricis
743 1001 881 1083 operibns
896 1002 1081 1083 coeperunt’.
1119 1002 1195 1076 Quid
1218 1002 1257 1064 sit
1280 1001 1452 1063 ‘divisiones
1475 1001 1622 1080 tignorum
1646 1002 1752 1064 tectae'
1774 1003 1883 1080 nescio,
1906 1020 1960 1064 nec
1981 1001 2073 1082 magis
2095 1000 2146 1062 in-

447 1115 550 1195 tellego
562 1115 711 1195 quomodo
723 1115 777 1176 hae
789 1114 948 1177 divisiones
964 1115 1113 1195 tignorum
1126 1124 1220 1178 tectae
1231 1114 1444 1195 triglyphorum
1461 1113 1682 1194 dispositionem
1698 1114 1804 1176 hahere
1816 1114 1967 1195 potuerint
1974 1114 2009 1193 ¹).
2032 1111 2145 1175 Vitium

446 1248 481 1291 eo
506 1237 605 1290 ortum
628 1229 760 1302 videtur,
793 1227 871 1308 qnod
900 1227 1044 1310 scripturn
1066 1237 1144 1291 erat:
1173 1229 1322 1291 divisone:
1344 1231 1488 1308 tignorum
1509 1231 1615 1291 imitati
1635 1227 1708 1301 (scil.
1731 1227 1882 1306 artifices);
1915 1235 2072 1308 postquam
2095 1229 2151 1288 111ιί

446 1340 638 1422 praecedente
660 1359 710 1403 um
733 1340 872 1402 haustum
896 1351 949 1415 est,
972 1360 1007 1403 ex
1030 1346 1085 1403 toti
1101 1340 1238 1403 librarius
1261 1341 1330 1403 iecit
1351 1350 1439 1403 tectae
1456 1340 1535 1421 quod
1550 1358 1636 1402 versu
1651 1341 1748 1421 priore
1770 1340 1887 1420 legerat.
1924 1339 1967 1401 lta
1982 1359 2008 1400 v.
2025 1337 2066 1401 20
2083 1347 2147 1402 est:

447 1454 570 1516 artifices
595 1452 802 1534 dispositiones
824 1472 927 1515 eorum
950 1453 1025 1533 (scil.
1049 1453 1211 1528 labrorum)
1235 1453 1390 1535 scalpturis
1412 1463 1484 1517 sunt
1504 1454 1625 1528 imitati:
1651 1471 1679 1534 p.
1696 1451 1746 1527 89,
1765 1454 1784 1513 4
1807 1452 1850 1514 nti
1872 1471 1888 1514 e
1911 1453 2060 1532 tignorum
2082 1451 2149 1514 dis·

446 1565 642 1646 positionibus
659 1565 795 1647 triglyphi
817 1566 891 1628 ratio
912 1575 959 1628 est
980 1566 1112 1642 inventa3
1135 1566 1242 1640 89,10
1265 1567 1477 1648 triglyphorum
1492 1612 1499 1628 .
1513 1613 1520 1627 .
1534 1613 1540 1628 .
1553 1566 1627 1628 ratio
1650 1584 1686 1628 ex
1708 1585 1742 1627 ea
1763 1565 1926 1627 imitatione
1948 1565 2067 1626 inventu
2088 1573 2147 1627 est.

588 1677 649 1740 xv.
682 1678 745 1740 Lib.
762 1678 785 1739 V
800 1678 863 1740 init.
879 1697 908 1759 p.
924 1679 1025 1753 103,3
1048 1698 1108 1741 non
1123 1687 1221 1761 potest
1235 1679 1386 1741 Vitruvius
1402 1679 1567 1760 scripsisse:
1591 1678 1686 1759 ‘quod
1707 1678 1795 1740 etiam
1818 1679 1863 1739 vel
1884 1678 1915 1739 in
1937 1678 2047 1740 nostris
2069 1696 2149 1758 quo·

447 1810 504 1871 que
527 1791 632 1854 studiis
654 1810 701 1852 res
723 1800 882 1872 pateretur,
905 1800 939 1853 nt
960 1791 1235 1873 amplificationibus
1250 1792 1408 1854 auctoritas
1429 1801 1460 1853 et
1480 1792 1512 1854 in
1535 1791 1580 1853 his
1602 1791 1764 1873 praeceptis
1779 1799 1944 1870 angeretur,
1966 1790 2017 1852 sed
2039 1790 2069 1852 id
2084 1809 2149 1852 non

448 1913 493 1966 est
514 1903 763 1984 quemadmodum
785 1913 907 1985 putatur
928 1905 1096 1986 expeditum
1104 1904 1120 1977 ',
1150 1923 1218 1967 cum
1242 1905 1327 1984 plane
1349 1904 1529 1967 contrarium
1552 1905 1648 1966 dicere
1670 1904 1763 1976 vehet
1786 1903 1817 1965 in
1839 1903 2050 1966 architecturae
2072 1921 2150 1965 con-

448 2016 656 2098 scriptionibus
679 2016 819 2079 hrevitate
842 2036 916 2098 opus
939 2036 1021 2091 esse;
1049 2027 1180 2079 ceterum
1204 2021 1287 2079 etiam
1311 2017 1356 2080 vel
1377 2035 1485 2099 quoque
1504 2036 1557 2098 per
1579 2035 1610 2078 se
1632 2017 1794 2079 oliendunt
1840 2016 2035 2080 scribendum
2058 2024 2149 2096 puto:

449 2131 527 2210 quod
549 2130 636 2192 etiam
661 2130 745 2192 velim
766 2129 797 2191 in
819 2129 929 2191 nostris
950 2148 1068 2210 qnoque
1090 2139 1159 2204 cet.;
1182 2148 1220 2191 ne
1241 2129 1424 2209 acquiescam
1446 2129 1477 2191 in
1494 2128 1607 2191 Marinii
1622 2129 1731 2201 uellem,
1754 2128 1824 2191 lacit
1839 2138 2042 2210 praeterquam
2065 2128 2151 2208 quod

448 2243 510 2305 vitii
532 2243 614 2322 origo
636 2242 749 2305 facilius
771 2241 933 2322 explicatur
959 2242 1064 2304 similis
1093 2243 1175 2304 locus
1191 2242 1240 2316 53,
1258 2241 1298 2305 29
1327 2241 1438 2304 craticii
1466 2261 1535 2304 vero
1561 2242 1645 2304 velun
1677 2241 1796 2321 quidem
1830 2260 1867 2303 ne
1901 2241 2011 2303 inventi
2036 2251 2150 2318 essent,

449 2375 545 2435 neque
567 2373 697 2435 unquam
721 2355 870 2417 Vitruvius
899 2355 1001 2418 vellem
1023 2355 1104 2418 dixit
1153 2355 1196 2417 Ne
1217 2375 1234 2417 a
1256 2355 1395 2418 Cicerone
1425 2355 1544 2435 quidem
1572 2354 1652 2416 hunc
1679 2374 1766 2417 usum
1792 2355 1949 2417 abhorrere
1976 2353 2008 2415 in
2033 2354 2151 2417 artibus

449 2487 507 2530 non
531 2468 639 2543 inveni,
662 2468 735 2530 dixit
756 2477 854 2531 autern
878 2468 914 2530 de
936 2469 991 2548 leg.
1014 2467 1277 2548 aguntunam
1299 2470 1366 2550 ficri
1382 2480 1484 2550 posset.

592 2581 666 2642 XVI.
694 2581 764 2643 tit.
781 2581 844 2643 Vlll
866 2580 929 2657 2,1
954 2601 981 2662 p.
1001 2580 1127 2655 188,15
1150 2582 1247 2661 itaque
1269 2600 1344 2661 qnae
1371 2600 1406 2642 ex
1428 2581 1572 2643 imbribus
1594 2601 1669 2662 aqna
1691 2581 1844 2661 colligitur,
1866 2580 2042 2643 salubriores
2061 2580 2153 2644 habet

450 2693 583 2768 virtutes,
606 2693 685 2774 qnod
700 2693 816 2773 eligitur
838 2713 875 2755 ex
895 2693 1035 2756 omnibns
1057 2693 1189 2756 fontibus
1210 2693 1367 2756 levissimis
1389 2694 1604 2775 subtilibusque
1612 2695 1639 2776 ²)
1662 2693 1855 2757 tenuitatibns
1878 2703 1933 2755 cet.
1970 2693 2035 2755 Non
2051 2693 2150 2755 solnm

449 2827 485 2869 ex
514 2807 552 2868 iis
580 2805 712 2869 lontibus
742 2806 793 2886 qui
821 2815 892 2868 snut
924 2806 1081 2868 levissimis
1109 2807 1302 2869 tenuitatibns
1330 2826 1434 2887 aquam
1465 2806 1593 2887 pluviam
1615 2808 1696 2888 eligi,
1730 2809 1783 2870 sed
1810 2827 1845 2868 ex
1871 2811 1999 2870 omnium
2020 2807 2151 2885 summm

451 2918 609 2982 levissimis
632 2918 849 2999 subtilibusque
864 2919 1058 2981 tenuitatibns
1080 2927 1111 2980 ct
1124 2938 1178 3000 per
1202 2939 1232 2981 sc
1248 2928 1328 3000 patet
1349 2930 1379 2981 et
1401 2921 1496 2982 elucet
1517 2940 1552 2982 ex
1574 2921 1610 2982 iis
1633 2941 1707 3001 quae
1723 2919 1872 2983 Vitruvius
1895 2919 2029 3000 exposuit
2046 2938 2073 2980 v.
2092 2920 2150 2980 10:

452 3032 478 3094 si
499 3051 575 3112 quae
597 3040 669 3094 sunt
690 3050 781 3112 aquae
803 3041 986 3113 apparentes,
1014 3052 1049 3093 ex
1072 3031 1118 3093 his
1140 3032 1219 3111 quod
1241 3042 1287 3094 est
1307 3031 1489 3095 levissimum
1513 3034 1777 3115 tenuissimumque
1806 3042 1836 3096 et
1858 3033 1959 3095 subtili
1980 3032 2152 3095 salubritate

454 3164 504 3207 aer
528 3150 653 3207 avocans
676 3144 799 3226 dissipat
827 3145 859 3207 in
885 3145 1030 3226 impeturn
1054 3144 1141 3218 caeli,
1167 3153 1198 3206 et
1219 3164 1245 3205 v.
1262 3144 1302 3206 25
1326 3164 1444 3208 umores
1467 3147 1631 3227 conglobati
1660 3146 1848 3209 extantibus
1876 3153 1906 3208 et
1927 3145 2101 3208 huminibus
2122 3154 2153 3207 et

452 3257 608 3339 paludibus
630 3266 660 3320 et
680 3257 781 3339 pelago
797 3277 865 3320 cnm
881 3267 982 3340 tepore
997 3256 1068 3320 solis
1083 3257 1261 3337 colliguntur
1282 3266 1312 3319 et
1328 3259 1550 3322 exhauriuntur.
1586 3261 1714 3342 Apparet
1735 3259 1886 3322 hhrarium
1909 3261 2064 3340 deceptum
2087 3277 2154 3322 essa

454 3369 646 3453 praecedente
661 3390 708 3433 ec.
746 3371 888 3433 Similiter
903 3371 1033 3452 peccavit
1046 3370 1087 3432 lll
1103 3372 1131 3444 5,
1148 3370 1166 3431 3
1183 3369 1225 3446 (3,
1242 3369 1275 3450 8)
1297 3390 1326 3452 p.
1344 3372 1394 3446 77,
1412 3372 1464 3434 18:
1487 3373 1612 3435 latitudo
1635 3372 1732 3454 spirae
1753 3372 1793 3434 sit
1807 3372 1959 3435 columnae
1981 3371 2155 3434 crassitudi-

453 3483 510 3558 nis,
540 3483 651 3546 adiecta
678 3485 864 3546 crossduda'oc
886 3494 989 3564 quarta
1019 3492 1049 3546 et
1078 3492 1192 3557 octava,
1223 3502 1291 3564 pro:
1326 3485 1436 3547 adiecta
1463 3488 1668 3549 mosutndim's.
1713 3484 1791 3547 Dixit
1818 3486 1898 3548 enirn
1921 3485 1953 3546 V.
1977 3492 2007 3545 et
2033 3484 2155 3546 dimidia

454 3595 617 3658 crassitudo
647 3605 677 3658 et
702 3595 823 3658 dimidia
845 3596 939 3678 (pars)
966 3597 1184 3673 crassitudinis,
1219 3596 1270 3659 sed
1299 3616 1359 3659 non
1392 3609 1495 3677 quarta
1524 3599 1569 3661 vel
1598 3608 1699 3661 octava
1725 3599 1889 3661 crassitudo
1918 3596 1967 3677 (cl.
1990 3596 2155 3660 latitudinis

455 3727 534 3771 nona
550 3708 601 3784 87,
619 3710 658 3769 14
681 3708 767 3772 tertia
785 3709 854 3784 142,
871 3709 900 3771 8.
923 3710 965 3791 9).
1014 3711 1077 3782 lloc
1098 3731 1216 3792 quoque
1237 3710 1342 3773 vitium
1365 3711 1422 3773 iani
1445 3731 1462 3773 a
1485 3711 1608 3774 llarinio
1628 3730 1693 3774 essa
1725 3711 1873 3774 sublatum
1896 3721 1997 3792 postea
2020 3709 2154 3789 cognovi.

597 3822 684 3883 XVll.
718 3822 889 3897 1111146
905 3843 934 3904 p.
954 3825 1002 3898 17,
1019 3823 1037 3886 3
1061 3825 1160 3888 nescio
1181 3845 1241 3905 quo
1264 3823 1352 3886 modo
1368 3825 1555 3887 toleraverint
1570 3825 1624 3886 viri
1646 3824 1724 3886 docti
1745 3825 1825 3905 quod
1841 3823 1981 3886 traditum
1998 3831 2059 3884 est:
2082 3840 2153 3902 ergo

455 3932 617 4016 inquibus
647 3935 821 4016 corporibus
851 3955 919 3997 cnm
947 3947 1103 4019 exsuperat
1127 3958 1143 3999 e
1164 3937 1317 4020 principiis
1345 3939 1438 4013 calor,
1474 3947 1545 3999 tnnc
1577 3937 1718 4000 interficit
1745 3937 1935 4017 dissolvitque
1958 3944 2052 3997 cetera
2076 3935 2152 4015 (scil.

457 4047 612 4130 principia)
634 4052 763 4125 fervore;
784 4068 854 4112 narn
876 4058 928 4111 ant
949 4049 1104 4114 dicendum
1128 4059 1204 4114 erat:
1231 4071 1300 4133 ergo
1323 4052 1353 4114 in
1376 4052 1482 4133 quihus
1505 4050 1677 4132 corporibus
1699 4058 1863 4131 exsuperat,
1887 4058 1946 4122 aut,
1970 4067 2038 4127 ergo
2061 4049 2091 4109 in
2104 4093 2111 4109 .
2126 4093 2154 4109 ..

458 4161 629 4242 corporibus
652 4181 719 4224 cnm
742 4172 909 4244 exsuperat.
956 4162 1100 4226 Putamus
1123 4165 1287 4227 Vitruvium
1311 4164 1479 4246 scripsisse:
1502 4182 1572 4244 ergo
1594 4163 1624 4225 in
1647 4165 1749 4244 quibus
1770 4161 1942 4243 corporibus
1964 4181 2082 4242 cuntqvte
2103 4179 2155 4222 ex·

459 4283 580 4354 superat
601 4294 617 4336 e
639 4275 792 4357 principiis
814 4277 907 4351 calor,
936 4284 1007 4338 tnnc
1029 4277 1183 4354 interficit:
1218 4277 1304 4340 tmesi
1327 4297 1387 4340 non
1409 4276 1541 4352 insolita,
1570 4275 1686 4339 etiarnsi
1708 4275 1786 4356 apud
1807 4274 1972 4336 Vitruvium
1994 4273 2063 4336 alibi
2091 4292 2153 4336 non

459 4438 670 4452 —-—-

604 4547 625 4614 ¹)
643 4546 797 4615 interpretes
815 4548 992 4603 difficultatem
1011 4552 1145 4616 obtegunt3
1175 4550 1239 4601 mire
1257 4564 1319 4601 sanc
1337 4547 1493 4601 Lorcntzcn:
1522 4566 1554 4600 so
1578 4547 1689 4613 lingon
1713 4549 1762 4599 dio
1782 4547 1968 4612 Dichoreo,
1990 4545 2088 4596 durch
2106 4546 2156 4598 dic

461 4628 774 4700 Balkencinteilung
792 4637 841 4688 dic
861 4639 1053 4703 hnordnung
1076 4640 1130 4690 der
1147 4636 1347 4705 'triglyphos
1361 4674 1367 4687 .
1381 4675 1387 4688 .
1401 4674 1407 4688 .
1421 4653 1458 4687 zu
1480 4635 1643 4698 arhultcn,
1666 4636 1758 4687 melius
1776 4643 1805 4687 ut
1823 4635 1890 4686 solet
1908 4632 2002 4684 heber:
2031 4649 2063 4683 so
2088 4629 2157 4696 ling

461 4733 527 4768 man
546 4734 597 4783 au,
615 4723 693 4772 nnoh
712 4723 768 4774 der
788 4723 986 4789 Ballienlagc
1005 4725 1057 4798 dqs
1076 4724 1498 4776 llroischlitzsehcms...zu
1518 4722 1718 4776 vermendes.
1744 4723 1848 4774 Minima
1864 4726 1949 4771 autem
1967 4720 2024 4772 lieri
2042 4720 2155 4787 potuisse

461 4810 531 4870 puto,
552 4814 582 4856 nt
599 4807 744 4873 Vitruvius,
772 4825 834 4875 quaa
853 4817 893 4862 cst
910 4810 1016 4861 Marinii
1033 4812 1170 4874 sententia,
1198 4811 1329 4861 vocabulis
1347 4810 1515 4877 praecisionis
1539 4817 1566 4860 et
1584 4811 1722 4862 divisionis
1741 4808 1883 4876 promiscuo
1906 4814 2032 4871 uteretur,
2055 4805 2100 4856 sed
2119 4805 2157 4855 di·

462 4891 576 4943 visiones
594 4894 681 4944 codem
699 4910 775 4946 sensu
793 4895 861 4947 dixit
879 4903 952 4962 atqua
970 4897 1152 4963 dispositioncs
1172 4898 1212 4947 vsl
1230 4897 1424 4949 distributiones
1443 4895 1475 4947 cl.
1488 4897 1530 4960 92,
1543 4896 1566 4946 2.
1588 4897 1633 4961 17;
1652 4897 1730 4961 93,1.

602 4981 624 5044 'l
642 4997 691 5032 oon
711 4983 879 5033 necessariam
897 4997 954 5034 essa
972 4982 1077 5036 Marinii
1095 4984 1268 5037 coniecturam
1284 4983 1507 5050 memoratque
1524 4981 1720 5045 0111114111162,
1738 4980 1768 5031 17
1793 4981 1932 5048 prudenter
1951 4979 2158 5044 doctissimaque,

464 5066 549 5132 ltqo
567 5074 668 5120 tenuem
687 5075 714 5120 et
730 5068 914 5122 acutissimum.
