4372 5640
984 162 1205 227 „20-

245 365 301 408 nec
322 345 396 405 bene
418 343 525 405 dicitur
539 339 727 419 uectigalihus
743 347 772 400 et
786 339 892 418 praeda
908 339 943 399 iis
958 337 1076 400 licuisse
1091 339 1221 401 aedificia
1237 357 1401 401 marmorea
1415 339 1532 414 habere,
1554 342 1607 404 sed
1622 351 1657 405 ut
1664 290 1720 417 dB,
1736 343 1774 405 21
1793 344 1952 410 llausolus

246 458 355 521 dicitur
374 455 499 517 infinitis
520 452 709 531 vectigalibus
730 452 837 533 sortus,
860 451 900 512 ita
922 450 978 512 hoc
1000 450 1064 513 loco
1086 450 1272 531 participium
1296 452 1483 531 requirimus.
1517 452 1551 514 lu
1574 464 1704 517 mentem
1720 454 1793 518 mihi
1807 457 1951 522 veniebat

245 574 355 650 sceptris,
377 568 427 629 sed
450 566 533 627 facile
554 565 656 626 cedam
679 563 703 624 si
725 564 797 643 quid
820 562 925 624 melius
947 572 1138 644 proponetur.

386 678 487 740 XXVI.
525 677 589 738 Lib.
603 675 650 749 lV,
667 675 697 749 c,
715 676 730 735 1
755 695 784 755 p.
801 674 851 747 116,
870 676 907 735 15
923 674 1042 754 legitur:
1065 675 1209 737 ostiorum
1225 685 1324 736 autem
1340 686 1487 739 eteorum
1502 687 1795 760 antepagmentorum
1815 681 1847 743 in
1860 683 1951 745 aedi-

244 793 301 855 bus
323 793 378 853 bae
399 801 469 853 sunt
491 789 634 862 rationes,
664 787 708 849 uti
734 787 864 868 primum
892 787 1124 860 constituantur,
1153 806 1213 868 quo
1241 787 1301 847 sint
1323 806 1428 866 genere
1450 792 1576 851 suturae.
1621 791 1733 852 Genera
1763 802 1835 854 sunt
1860 795 1949 857 enim

243 904 431 985 thyromaton
453 903 538 963 baec:
572 899 721 973 demeum,
749 898 895 972 ionicum,
923 898 1089 977 atticurges.
1133 900 1238 978 sutura
1264 898 1453 961 scribendum
1480 920 1544 962 essa
1570 911 1601 965 et
1626 922 1680 984 per
1707 922 1739 965 se
1759 913 1854 984 patet,
1881 924 1948 968 non

243 1015 323 1077 enim
345 1015 381 1075 de
402 1014 523 1075 aedibus
545 1013 643 1092 agitur
663 1012 715 1072 sed
738 1012 774 1073 de
796 1010 889 1082 ostiis,
917 1019 947 1072 et
969 1011 1130 1072 ostendunt
1145 1011 1195 1084 97,
1212 1009 1252 1072 20
1281 1010 1327 1071 sin
1349 1021 1448 1073 autem
1471 1013 1567 1075 ionico
1589 1033 1695 1094 genere
1716 1019 1816 1078 lutura
1837 1026 1950 1093 erunt;

244 1126 294 1199 98,
318 1125 358 1186 at
387 1125 545 1205 atticurges
573 1132 672 1185 autem
698 1123 802 1184 iisdem
831 1121 1008 1184 rationibus·
1023 1122 1218 1203 perficiuntur
1244 1123 1353 1204 quibus
1380 1125 1497 1199 dorica;
1531 1125 1580 1187 ubi
1606 1128 1764 1207 atticurges
1786 1147 1950 1209 perperam

246 1238 386 1301 scribitur
407 1258 461 1319 pro
488 1242 634 1316 ottr'rurge.
678 1235 779 1314 Neque
806 1234 883 1295 enim
915 1235 1002 1296 credo
1025 1234 1190 1296 Vitruvium
1220 1236 1275 1296 boc
1297 1237 1471 1298 vocabulum
1499 1257 1558 1299 non
1588 1237 1757 1314 declinasse,
1784 1259 1854 1302 cum
1880 1245 1951 1305 lere

243 1369 361 1432 semper
381 1349 412 1410 iu
435 1348 546 1429 graecis
562 1347 708 1409 vocabulis
723 1355 825 1408 utatur
847 1347 1014 1424 graecanica
1038 1347 1254 1421 terminatione,
1277 1349 1357 1410 velut
1380 1349 1484 1410 baseos
1505 1349 1599 1411 basim
1614 1352 1763 1413 anteridos
1785 1353 1952 1417 anteridon

244 1480 336 1523 axona
367 1461 518 1541 diagonioe
545 1460 724 1541 hypaethroe
753 1478 810 1520 acc.
838 1459 1018 1540 hypaethrus
1047 1459 1137 1538 (quod
1166 1478 1225 1521 uon
1253 1469 1331 1521 recte
1358 1471 1547 1523 mutarerunt
1573 1462 1735 1524 scribentes
1764 1464 1953 1545 hypaethros

247 1572 384 1645 15017,
408 1573 464 1635 etsi
486 1573 518 1633 in
539 1572 604 1633 aliis
627 1572 774 1634 vocabulis
798 1572 923 1633 traditur
944 1588 983 1645 oa,
1006 1572 1086 1632 velut
1107 1570 1289 1650 diametros).

385 1684 500 1746 XXVII.
530 1684 594 1745 Lib.
610 1684 660 1745 VB
676 1686 705 1757 7,
723 1685 737 1743 1
763 1704 792 1765 p.
810 1684 880 1757 176,
896 1685 915 1744 5
938 1683 1008 1744 11111
1030 1702 1089 1744 non
1104 1692 1214 1763 potest:
1238 1683 1372 1744 nonnulli
1387 1684 1527 1765 (colores)
1543 1704 1578 1746 ex
1599 1685 1663 1746 aliis
1686 1686 1774 1747 rebus
1789 1689 1953 1750 tractatio-

242 1797 332 1859 nibus
354 1805 406 1858 aut
427 1796 619 1858 mixtionibus
642 1796 847 1877 temperaturis
870 1795 1027 1876 compositi
1047 1795 1254 1877 perficiuntur3
1277 1796 1331 1857 luit
1353 1815 1421 1858 cum
1444 1796 1479 1857 de
1502 1797 1676 1876 glossemate
1698 1797 1866 1877 cogitarem,
1891 1802 1952 1864 sad

243 1909 407 1971 Vitruvium
435 1908 589 1989 scripsisse
617 1913 789 1970 mr'sutiorrum
818 1911 1018 1988 ternperutun's
1046 1907 1104 1969 iam
1133 1907 1206 1968 vidit
1227 1907 1382 1969 Barbarus.
1427 1907 1471 1969 Cl.
1494 1928 1522 1988 p.
1545 1909 1614 1982 180,
1639 1911 1672 1970 1:
1705 1928 1779 1990 quae
1812 1929 1849 1983 11
1877 1912 1951 1976 aliis

242 2020 398 2101 generibus
429 2021 631 2082 tractationum
667 2020 873 2101 temperaturis
900 2028 1079 2081 commutata
1107 2019 1254 2100 recipiunt
1280 2021 1412 2081 colorum
1439 2021 1632 2100 proprietates
1658 2031 1738 2103 etp.
1760 2023 1809 2095 41,
1832 2023 1872 2083 10
1904 2025 1951 2087 ita

241 2133 320 2195 enim
344 2132 401 2194 erit
427 2133 503 2195 iusta
530 2133 604 2194 ratio
632 2132 783 2220 mixtionis
814 2140 1043 2211 temperaturae,
1071 2140 1102 2193 et
1123 2150 1152 2212 p.
1168 2130 1255 2205 37,ss
1277 2131 1385 2211 quihus
1415 2131 1606 2195 mixtionibus
1632 2133 1845 2215 principiorum
1867 2154 1951 2198 con·

242 2265 364 2325 gressus
390 2253 594 2325 temperentur
622 2243 821 2324 1111624
851 2243 960 2323 quibus
987 2245 1196 2324 temperaturis
1224 2263 1240 2304 e
1268 2262 1369 2305 rerum
1402 2252 1507 2306 natura
1540 2245 1752 2326 principiorum
1785 2245 1951 2311 videantur

241 2358 348 2419 habere
364 2356 548 2418 mixtionem.
582 2355 801 2435 Nonnunquam
817 2374 887 2416 sane
908 2355 954 2416 his
971 2355 1118 2417 vocabulis
1132 2355 1299 2436 promiscue
1318 2356 1421 2429 utitur,
1444 2356 1589 2428 11111158,
1605 2358 1624 2419 6
1647 2356 1726 2437 quod
1748 2365 1794 2418 est
1815 2357 1950 2424 minima

239 2469 317 2550 ignis
338 2478 369 2531 et
392 2469 501 2530 terreni
524 2468 673 2541 mixtione,
696 2467 772 2528 aeris
794 2477 893 2529 autem
916 2477 946 2528 et
969 2466 1080 2529 umoris
1102 2485 1220 2529 summa
1241 2467 1408 2530 continetur
1430 2477 1636 2548 temperatura.

382 2580 508 2642 XXVlll.
553 2580 675 2642 Versum
705 2579 791 2641 Statii
820 2579 958 2641 silvarum
988 2599 1004 2640 a
1034 2578 1135 2641 multis
1164 2588 1309 2641 tentatum
1336 2589 1367 2641 et
1393 2579 1635 2642 araceutissimo
1663 2598 1722 2641 non
1750 2580 1861 2642 editore
1888 2586 1951 2648 sed

239 2693 449 2775 interpolatore
470 2693 558 2773 plane
579 2701 752 2773 corruptum
767 2691 891 2753 Vitruvii
913 2710 967 2772 ope
990 2691 1146 2753 emendare
1169 2702 1198 2753 et
1220 2691 1364 2773 explicare
1386 2711 1474 2772 posse
1497 2692 1571 2753 mihi
1592 2691 1700 2753 videor.
1732 2691 1801 2766 13,
1820 2691 1881 2754 tos
1894 2714 1948 2777 sq.

239 2805 312 2866 haec
333 2804 504 2866 traduntur:

684 2934 816 2996 quosque
838 2913 985 2976 Dicarchei
1008 2924 1112 2995 portus
1134 2914 1299 2994 Baianaque
1321 2914 1444 2977 mittunt

684 3028 777 3100 litora,
800 3046 857 3107 qua
880 3027 984 3088 mediis
1005 3027 1062 3088 alte
1084 3027 1247 3108 permixtus
1269 3027 1386 3089 anhelat

680 3138 757 3219 ignis
779 3140 871 3219 aquis,
894 3149 924 3200 et
945 3150 1046 3219 operta
1069 3140 1173 3201 domos
1195 3139 1330 3201 incendia
1352 3147 1479 3200 servant.

238 3251 297 3313 Pro
320 3254 416 3313 domos
439 3250 543 3313 maluit
564 3255 677 3312 onr'mos
698 3251 894 3324 blarltlandus,
921 3251 1017 3313 modos
1038 3251 1235 3325 Burmannus,
1264 3270 1319 3332 pro
1341 3263 1455 3312 11111111
1477 3249 1616 3311 Heinsius
1637 3263 1761 3322 verrunt,
1788 3250 1941 3317 Baehrens

238 3364 328 3426 edidit
350 3364 429 3425 dolos
450 3364 582 3425 incendia
603 3373 730 3434 ansam,
757 3363 893 3441 equidem
915 3373 1031 3443 poetam
1056 3363 1207 3444 scripsisse
1229 3362 1356 3424 arbitror
1378 3374 1404 3424 et
1426 3374 1523 3442 opertu
1539 3363 1638 3424 domur
1659 3365 1790 3425 incendic
1809 3378 1938 3441 amount,

237 3494 287 3537 wo
316 3473 455 3536 Biuser
483 3474 686 3536 bedechten
714 3473 832 3536 Brand
866 3475 988 3536 11111111.
1032 3474 1107 3537 Bicit
1128 3475 1206 3536 enim
1230 3474 1380 3537 Vitruvius
1402 3495 1430 3554 p.
1447 3473 1497 3546 42,
1514 3472 1552 3534 21
1578 3474 1622 3535 ‘in
1652 3475 1804 3537 montibus
1827 3473 1939 3538 Cuma-

238 3605 346 3648 norum
369 3586 484 3647 Baianis
507 3597 576 3648 sunt
598 3587 659 3648 loca
682 3586 887 3648 sudationibus
909 3597 1052 3660 excavata,
1075 3587 1105 3647 in
1128 3587 1236 3666 quihus
1257 3606 1348 3667 vapor
1369 3586 1498 3648 fervidus
1511 3631 1518 3645 .
1532 3631 1539 3645 .
1553 3631 1561 3646 .
1574 3587 1668 3648 oritur
1690 3595 1718 3648 ct
1742 3586 1780 3649 ita
1804 3587 1938 3650 sudatio-

236 3716 309 3761 num
332 3698 462 3778 egregias
484 3699 573 3760 efficit
595 3697 763 3772 utilitates'3
785 3718 860 3778 quae
882 3698 1016 3760 incendia
1038 3699 1230 3761 subterranea
1254 3717 1313 3759 non
1336 3699 1433 3759 solum
1449 3697 1598 3777 specubus
1619 3699 1764 3762 excavatis
1780 3700 1936 3761 sedetiam

236 3810 348 3872 balneis
371 3829 459 3891 supra
482 3810 639 3872 aedificatis
667 3809 698 3871 in
727 3829 815 3872 usum
846 3811 1001 3872 hominurn
1029 3829 1093 3871 esse
1119 3828 1258 3871 conversa
1287 3810 1372 3872 docet
1393 3809 1495 3872 Celsus
1510 3809 1536 3870 ss
1554 3811 1607 3871 17:
1642 3811 1755 3873 ‘siccus
1785 3811 1864 3872 calor
1890 3821 1938 3874 est

234 3922 419 4003 quarundam
442 3922 621 3984 naturalium
644 3922 848 3996 sudationum,
877 3922 927 3984 ubi
948 3942 965 3983 e
988 3931 1065 3983 terra
1087 3925 1225 4002 profusus
1255 3922 1365 3983 calidus
1388 3940 1478 4002 vapor
1507 3921 1637 4001 oedr'ficr'o
1658 3923 1829 3995 includitur,
1857 3924 1937 3986 sicut

236 4052 326 4114 super
349 4034 432 4095 Baias
454 4035 484 4095 in
508 4034 643 4114 myrtetis
665 4035 831 4096 habemus'.
875 4034 1029 4095 Praeterea
1051 4034 1169 4115 saepius
1191 4035 1254 4096 eius
1276 4035 1318 4095 rei
1341 4035 1452 4096 mentio
1475 4035 1521 4109 iit,
1552 4035 1639 4096 utin
1664 4054 1766 4114 magna
1795 4044 1859 4097 tum
1882 4035 1936 4097 ad-

235 4145 391 4207 miratione
412 4146 503 4207 1111111
525 4154 678 4227 appareat3
712 4150 748 4208 11.
773 4148 884 4208 Seneca
905 4166 934 4226 q.
951 4165 979 4207 n.
996 4145 1091 4206 11124
1114 4146 1304 4226 Empedocles
1326 4146 1476 4209 existimat
1499 4145 1618 4226 ignibus
1640 4166 1715 4226 quos
1738 4148 1839 4210 multis
1861 4147 1935 4208 locis

237 4267 312 4319 terra
335 4267 452 4338 opertos
474 4258 555 4338 tegit,
577 4277 683 4338 aquam
706 4258 867 4320 calescere.
882 4304 889 4317 .
902 4303 909 4317 .
922 4276 1010 4337 quem
1033 4277 1092 4319 non
1114 4257 1174 4318 salli
1195 4258 1317 4320 credent
1333 4258 1354 4319 ii
1375 4258 1484 4338 quihus
1506 4257 1653 4319 balnearia
1681 4258 1746 4321 sine
1774 4259 1836 4339 igni
1857 4256 1934 4318 cale-

235 4369 325 4442 111101
355 4369 613 4443 11111111111157,
631 4371 650 4431 6
673 4369 756 4431 Baias
779 4370 846 4450 igne
867 4369 961 4430 calere
984 4389 1052 4443 suo,
1080 4369 1189 4431 Fronto
1211 4371 1248 4431 ad
1270 4369 1308 4430 bt.
1331 4370 1484 4432 Caesarem
1501 4370 1547 4431 13
1570 4390 1599 4451 p.
1617 4371 1636 4430 7
1658 4370 1770 4433 Naber:
1798 4369 1934 4430 Baiarum

235 4480 342 4542 calidas
364 4500 469 4562 specus
492 4483 569 4544 malo
591 4501 679 4562 quarn
708 4482 779 4543 istas
801 4481 967 4543 fornaculas
989 4480 1175 4556 balnearum,
1204 4482 1235 4543 in
1258 4481 1366 4561 quihus
1393 4482 1469 4561 ignis
1495 4501 1564 4545 cum
1592 4494 1714 4566 sumptu
1740 4492 1828 4561 atque
1850 4481 1934 4541 lumo

234 4592 404 4656 accenditur
431 4593 569 4674 brevique
600 4593 797 4673 extinguitur3
823 4592 921 4654 atilli
948 4592 1069 4672 ingenui
1095 4613 1216 4675 vapores
1244 4593 1312 4675 puri
1339 4595 1533 4676 perpetuique
1555 4605 1641 4671 suut,
1671 4593 1744 4675 grati
1772 4592 1882 4674 pariter
1903 4600 1934 4654 et

233 4705 361 4784 gratuiti.

818 4955 885 5010 'lypis
900 4956 1037 5000 Guilelmi
1051 4958 1225 5009 Parmattar,
1238 4956 1343 5001 Barolini.
