4372 5640
912 240 1134 304 ,15-

311 424 374 487 llll.
408 422 471 485 Lib.
486 422 523 483 lV
538 421 588 483 fin.
604 440 633 502 p.
652 418 722 493 102,
737 417 778 481 20
801 437 868 481 erae
890 425 1023 500 spectent
1036 418 1073 480 ad
1089 417 1233 481 orientem
1254 427 1285 480 et
1306 437 1424 500 semper
1444 418 1597 483 interiores
1620 418 1679 482 sint
1700 418 1867 482 conlocatae

170 557 258 621 quam
281 538 436 600 simulacra
457 554 531 617 quae
560 533 671 596 luerint
697 532 727 594 io
756 532 842 606 aede,
875 531 919 594 uti
946 531 1140 614 suspicientes
1167 529 1347 594 divinitatem
1376 531 1427 613 qui
1454 531 1620 613 supplicant
1648 540 1677 594 et
1704 532 1869 595 sacrificant

170 651 336 733 disparibus
357 647 560 712 altitudinibus
581 647 618 709 ad
641 645 688 708 sui
710 644 852 726 cuiusque
875 644 921 706 dei
943 645 1079 707 decorem
1100 654 1325 725 componantur.
1363 644 1440 708 llaec
1461 645 1502 707 ita
1525 664 1598 726 nege
1620 645 1749 725 intellegi
1771 665 1867 728 posse,

170 785 265 847 neque
287 763 367 826 enim
390 764 441 844 qui
464 760 629 843 supplicant
650 767 681 822 et
702 758 866 821 sacrificant
888 757 1054 839 disparibus
1075 757 1279 820 altitudinibus
1301 767 1529 839 componuntur,
1557 758 1582 820 si
1604 758 1724 839 quidem
1746 758 1867 821 omnino

170 876 364 960 componendi
387 874 528 938 vocabulo
551 873 587 935 de
608 871 644 935 iis
668 872 709 934 uti
730 871 808 944 licet,
831 871 882 934 sed
911 872 991 952 ipsae
1018 889 1085 934 arae
1107 890 1175 933 cum
1203 844 1355 933 interiores
1384 871 1444 934 sint
1465 890 1568 934 omnes
1591 872 1757 934 conlocatae
1779 890 1868 953 quam

171 991 325 1054 simulacra
348 998 411 1051 tum
434 987 513 1050 inter
534 1005 566 1049 se
588 985 718 1066 dispares
738 993 809 1047 suot
829 983 992 1046 altitudine.
1040 983 1140 1064 Pergit
1161 983 1239 1046 enim
1261 983 1423 1047 Vitruvius:
1455 983 1624 1047 altitudines
1645 994 1743 1048 eutem
1766 1003 1866 1047 earum

171 1105 213 1166 sic
239 1111 310 1165 sunt
338 1074 524 1183 explicarldae
557 1099 600 1161 uti
627 1097 688 1160 lovi
721 1097 918 1178 omnibusque
945 1097 1120 1159 caelestibus
1149 1116 1237 1177 quam
1266 1097 1481 1160 excelsissimae
1511 1097 1740 1172 constituantur,
1765 1098 1868 1161 Vestae

171 1217 278 1279 Terrae
307 1214 437 1295 llarique
466 1212 593 1275 humiles
619 1209 818 1273 conlocentur.
866 1211 995 1291 Apparet
1026 1209 1116 1291 igitur
1142 1219 1211 1290 post
1236 1211 1400 1292 sacrificant
1425 1210 1567 1272 nonnulla
1595 1211 1751 1285 excidisse,
1781 1218 1869 1291 atque

170 1329 226 1391 etsi
252 1328 316 1410 ipsa
343 1326 431 1389 rerba
456 1334 603 1408 praestare
635 1342 696 1387 nen
722 1342 882 1404 possumus
913 1322 989 1385 hanc
1021 1325 1082 1385 iere
1111 1322 1287 1386 sententiam
1316 1322 1406 1385 tuisse
1434 1323 1676 1386 existimaverim:
1709 1328 1755 1387 uti
1773 1327 1869 1405 suspi-

171 1447 272 1504 cientes
288 1442 462 1503 diuinitatem
485 1441 534 1520 pui
552 1437 714 1519 supplicant
736 1446 762 1499 et
783 1436 944 1517 sanctisunt
962 1432 1179 1520 (contueantur,
1201 1440 1277 1517 ipsae
1292 1431 1406 1519 cutem>
1432 1438 1592 1518 dv'sporibru
1606 1437 1825 1501 altitudinibus.
1840 1482 1868 1499 ..

172 1563 386 1634 cauponantur.
428 1550 569 1615 Similiter
591 1549 741 1612 Vitruvius
763 1548 838 1610 dixit
852 1548 938 1623 005
961 1557 995 1610 ut
1021 1557 1087 1610 vota
1116 1547 1309 1630 suscipientes
1336 1558 1533 1611 contueantur
1561 1550 1663 1612 eadem
1686 1549 1869 1630 (simulacra)

172 1674 201 1729 et
223 1666 364 1728 orientem
386 1665 510 1734 caelum,
533 1663 655 1744 ipseque
674 1662 829 1724 simulacra
845 1661 998 1723 videantur
1019 1665 1176 1725 cententio
1197 1665 1326 1725 contueri
1346 1661 1544 1743 supplicantes
1567 1672 1597 1725 et
1618 1661 1825 1725 sacrificantes.

312 1778 387 1839 lllll.
421 1777 485 1839 Lib.
501 1777 538 1838 Vl
553 1775 615 1852 3,1
640 1795 669 1857 p.
688 1774 793 1850 140,8
815 1774 845 1837 in
868 1773 1064 1856 descriptione
1090 1774 1308 1837 tuscanicorum
1331 1775 1402 1837 baec
1423 1774 1576 1856 leguntur:
1611 1775 1759 1838 tuscanica
1789 1783 1869 1849 sunt,

169 1891 199 1953 io
222 1890 329 1972 quibus
352 1890 450 1952 trabes
472 1889 503 1951 in
525 1888 592 1951 atrii
612 1887 767 1950 latitudine
790 1888 925 1950 traiectae
947 1887 1072 1950 babeant
1094 1887 1292 1969 interpensiva
1317 1897 1348 1951 et
1370 1888 1496 1951 collicias
1524 1886 1560 1951 ab
1585 1889 1700 1970 angulis
1723 1889 1867 1970 parietum

169 2006 205 2066 ad
228 2003 350 2082 angulos
373 2001 521 2082 tignorum
544 2001 783 2075 intercurrentes,
805 2000 877 2062 item
899 2000 1047 2063 asseribus
1070 2000 1285 2063 stillicidiorum
1308 2001 1339 2063 in
1360 2001 1491 2064 medium
1514 2001 1713 2083 compluvium
1736 2001 1866 2064 deiectis.

171 2114 252 2188 Quae
274 2113 361 2176 verba
382 2114 576 2177 item-deiectas
596 2132 651 2176 nec
673 2115 743 2177 satis
765 2132 834 2176 cum
856 2113 1097 2194 praecedentibus
1119 2115 1278 2177 cohaerent
1299 2133 1353 2176 nec
1374 2114 1438 2196 ipsa
1460 2115 1534 2177 nibil
1556 2114 1665 2178 babent
1686 2114 1868 2178 offensionis.

171 2227 243 2290 Nam
271 2245 379 2290 mseras
404 2227 612 2290 stillicidiorum
644 2246 796 2308 nunquam
830 2227 904 2290 dixit
925 2226 1075 2290 Vitruvius
1107 2247 1162 2290 nec
1189 2228 1286 2309 potuit
1312 2227 1408 2290 dicere
1431 2230 1480 2305 (ct.
1499 2227 1603 2302 154,3
1626 2227 1663 2290 de
1684 2228 1789 2309 tegulis
1819 2236 1870 2290 aut

172 2339 260 2421 tignis
286 2348 338 2401 eut
369 2338 517 2401 asseribus
543 2339 708 2416 mutandis3
741 2338 828 2414 89,9
850 2359 962 2403 asseres
986 2348 1105 2421 propter
1128 2340 1272 2403 stillicidia
1295 2339 1450 2421 proclinati
1472 2340 1679 2417 conlocantem
1703 2338 1788 2416 90,8
1811 2358 1867 2402 nec

171 2451 313 2514 cantherii
333 2470 389 2514 nec
410 2470 544 2514 asseres.
559 2461 724 2533 ..possunt
745 2455 923 2534 prominere,
945 2454 997 2515 sed
1018 2453 1055 2515 ad
1077 2452 1222 2516 stillicidia
1237 2454 1390 2535 proclinati
1412 2453 1626 2534 conlocantur),
1649 2473 1746 2534 neque
1761 2471 1870 2516 asseres

173 2567 278 2628 duem
299 2563 444 2644 significet
465 2583 572 2629 aemes
588 2565 764 2648 proeliantes
785 2567 933 2630 collocare.
970 2565 1079 2628 Contra
1101 2565 1243 2628 deiciendi
1258 2567 1431 2629 vocabulum
1448 2566 1566 2649 proprie
1588 2566 1779 2647 coniungitur
1800 2585 1868 2628 cum

171 2676 325 2740 stillicidiis
348 2680 397 2755 (cl.
413 2676 500 2753 83,6
521 2697 596 2759 quae
618 2678 697 2741 cadit
718 2680 762 2742 vis
783 2698 876 2760 aquae
897 2698 950 2760 per
973 2679 1083 2759 tegulas
1110 2678 1140 2741 io
1167 2680 1299 2742 canalem
1325 2679 1528 2744 nedeiciatur
1553 2699 1608 2762 per
1628 2679 1869 2754 intercolumnia;

170 2790 304 2854 similiter
317 2789 367 2864 34,
382 2790 421 2852 19
433 2790 577 2854 stillicidia
591 2792 790 2869 deducebant;
811 2791 1088 2874 53,1opr0iecrura
1103 2811 1278 2855 coronarum
1296 2792 1396 2855 reiciet
1411 2794 1520 2868 stillas3
1535 2797 1572 2856 cl.
1587 2794 1656 2868 140,
1669 2792 1711 2854 22
1726 2791 1870 2855 stillicidia

171 2903 342 2983 defluentia)
364 2912 404 2989 et,
426 2903 456 2965 id
478 2905 558 2986 quod
580 2923 643 2967 rem
667 2904 813 2987 profligat,
835 2904 984 2968 Vitruvius
999 2905 1074 2967 inire
1089 2905 1266 2969 contrariam
1282 2905 1426 2968 rationem
1442 2906 1684 2987 displuviatorum
1701 2906 1870 2968 describens

171 3017 326 3099 (14018)
347 3018 400 3080 ait:
434 3018 608 3101 displuviata
634 3027 706 3081 suut
730 3017 762 3080 in
790 3017 898 3099 quibus
921 3017 1064 3099 deliquiae
1088 3037 1187 3081 arcam
1213 3018 1394 3081 sustinentes
1422 3019 1565 3081 stillicidia
1590 3023 1721 3082 reiciunt.
1769 3018 1870 3099 ltaque

171 3129 244 3192 mibi
266 3148 325 3192 non
347 3130 470 3192 dubium
492 3140 538 3194 est
558 3131 631 3213 quin
653 3130 851 3194 revocandum
873 3131 913 3194 sit
934 3130 1013 3211 quod
1036 3131 1106 3194 olim
1128 3131 1280 3211 legebatur
1300 3140 1331 3194 et
1352 3140 1397 3194 est
1418 3131 1449 3194 in
1471 3132 1573 3195 codice
1596 3132 1764 3195 llarleiano:
1797 3131 1869 3194 item

171 3240 246 3321 (scil.
269 3241 408 3323 babeant)
430 3243 577 3308 asseribus
600 3243 814 3307 stillicidiorum
837 3244 869 3306 in
892 3244 1021 3306 medium
1045 3243 1245 3325 compluvium
1269 3246 1398 3318 deiectus,
1421 3244 1627 3324 dbleitung
1647 3245 1708 3307 des
1730 3244 1871 3324 Regen-

171 3373 339 3418 wassers
373 3355 488 3418 durcb
519 3357 576 3419 die
600 3357 728 3420 Latten
755 3358 846 3419 nach
873 3357 937 3419 der
963 3356 1118 3436 blitte1),
1146 3375 1235 3438 quarn
1258 3366 1407 3438 praeterea
1429 3367 1550 3439 apparet
1572 3377 1636 3420 esse
1657 3357 1813 3419 lectionem
1837 3365 1871 3418 ut

171 3467 254 3530 aiunt
276 3468 486 3544 difficiliorem3
519 3488 573 3532 nec
594 3469 724 3532 dubitari
745 3469 821 3531 banc
843 3471 969 3531 formam
992 3488 1080 3551 supra
1108 3469 1139 3532 in
1163 3469 1320 3551 pluralium
1343 3489 1467 3533 numere
1490 3474 1607 3533 referre.
1659 3470 1736 3533 Usus
1765 3478 1812 3531 est
1837 3488 1870 3532 ea

171 3588 238 3641 aute
268 3580 434 3645 Vitruvium
461 3581 567 3644 &esar
587 3582 615 3644 b.
638 3602 665 3662 g.
681 3581 742 3646 118
768 3600 806 3643 ex
832 3591 955 3663 utraque
988 3592 1070 3664 parte
1102 3582 1203 3645 lateris
1233 3582 1364 3646 deiectus
1391 3583 1530 3658 babebat,
1563 3591 1664 3664 postea
1692 3584 1803 3646 Seneca
1833 3582 1870 3644 ad

170 3691 362 3768 blarc.18,4
384 3693 515 3758 deiectus
536 3694 710 3771 fluminum3
744 3694 821 3757 idem
845 3695 986 3775 singulari
1014 3714 1139 3758 numere
1161 3694 1197 3757 de
1219 3715 1294 3776 aqua
1316 3715 1362 3777 ep.
1379 3696 1464 3771 56,3
1488 3715 1548 3759 nen
1571 3695 1664 3777 magis
1687 3714 1759 3758 curo
1781 3713 1869 3775 quam

170 3805 292 3869 tluctum
315 3815 368 3870 aut
390 3806 534 3870 deiectum
557 3827 658 3889 aquae.

313 3917 489 3984 Dubitanter
510 3920 596 3995 addo,
617 3924 742 3984 tortasse
764 3920 841 3983 idem
864 3920 1038 3983 vocabulum
1054 3919 1186 3983 Vitruvio
1209 3922 1390 3984 reddendum
1412 3921 1622 3996 esseV115,5
1645 3941 1673 4003 p.
1693 3920 1797 3996 1701
1820 3919 1871 3983 ubi

171 4027 304 4110 legimus,
327 4035 431 4097 iecisse
453 4034 484 4096 in
506 4052 611 4096 scaena
632 4033 805 4116 Apaturium
830 4034 1009 4108 ‘columnam
1033 4033 1129 4114 signa,
1158 4034 1319 4097 Centauros
1342 4034 1522 4097 sustinentes
1544 4032 1691 4115 epistylia,
1721 4034 1870 4096 tholorum

173 4144 298 4206 rotunda
321 4155 404 4221 tecta,
427 4147 609 4228 fastigiorum
632 4146 834 4228 prominentes
850 4165 994 4220 versuras,
1016 4165 1199 4227 coronasque
1221 4147 1365 4228 capitibus
1387 4147 1511 4209 leoninis
1534 4157 1661 4221 ornatas,
1684 4165 1758 4228 quae
1774 4148 1871 4209 omnia

173 4254 386 4319 stillicidiorum
408 4279 423 4320 e
444 4265 522 4324 tectis
542 4261 652 4323 babent
673 4259 818 4322 rationem
826 4259 842 4320 '.
880 4259 923 4321 lbi
946 4258 1046 4321 malim
1068 4260 1203 4333 demetra,
1232 4279 1248 4321 e
1271 4260 1355 4323 tectis
1378 4269 1456 4322 certe
1479 4260 1606 4322 otiosum
1631 4267 1690 4334 est,
1717 4278 1755 4321 ne
1777 4258 1871 4320 dicam

173 4367 327 4443 vitiosum3
350 4368 404 4430 alia
426 4371 504 4433 enim
527 4393 573 4436 res
597 4381 642 4435 est
666 4373 791 4446 100,17
814 4390 902 4451 supra
925 4371 955 4433 id
977 4371 1126 4451 fastigium
1150 4372 1295 4447 columen,
1318 4372 1470 4446 cantherii,
1498 4373 1606 4454 templa
1628 4371 1668 4434 ita
1691 4381 1761 4434 sunt
1783 4372 1874 4434 collo-

175 4481 272 4556 canda,
296 4491 330 4544 ut
351 4481 533 4545 stillicidium
556 4487 625 4548 tecti
639 4484 765 4548 absoluti
789 4485 919 4547 tertiario
941 4485 1126 4566 respondeat,
1150 4484 1200 4546 ubi
1215 4485 1396 4547 stillicidium
1418 4494 1464 4548 est
1485 4485 1872 4566 Traulenvorsprung.

174 4590 215 4654 lle
237 4594 355 4658 coronis
379 4594 526 4677 capitibus
547 4596 672 4660 leoninis
694 4594 806 4661 ornatis
829 4601 865 4659 cl.
881 4597 921 4658 lll
943 4599 993 4659 tin.
1016 4617 1045 4679 p.
1062 4596 1112 4671 st,
1128 4596 1168 4658 25
1182 4617 1226 4678 sq.

316 4707 405 4771 llllll.
431 4708 494 4771 Lib.
506 4708 543 4771 lV
555 4708 584 4784 2,
596 4708 616 4769 2
627 4728 656 4790 p.
668 4708 709 4773 88
724 4710 874 4774 Vitruvius
889 4709 1017 4773 ostendit
1032 4730 1048 4772 a
1063 4709 1252 4773 materiatura
1268 4710 1363 4772 iabrili
1377 4711 1503 4774 artifices
1518 4710 1637 4791 petiisse
1652 4710 1870 4792 dispositiones,

176 4870 387 4884 -—-.-..—

318 4974 339 5042 ¹)
356 4975 434 5028 aliter
451 4979 562 5046 explicat
579 4978 721 5044 llarimm,
747 4979 791 5046 qul
813 4979 1010 5035 subaudiendum
1032 4994 1089 5031 esse
1112 4979 1151 5031 rit
1172 4981 1199 5031 in
1217 4979 1307 5046 quibus
1329 4986 1356 5032 et
1379 4983 1432 5031 ert:
1455 4979 1570 5032 indicere
1591 4979 1750 5045 Vitruvium,
1774 4985 1802 5030 ot
1819 4977 1872 5030 col·

176 5054 259 5126 licias,
277 5061 314 5114 sic
331 5063 635 5120 strenuissimorum
653 5067 749 5120 hebere
767 5068 901 5132 deiectum,
920 5066 1023 5120 scilicet
1039 5067 1173 5119 inclinatos
1190 5084 1243 5119 erre
1261 5069 1285 5119 in
1306 5067 1413 5119 medium
1432 5067 1611 5135 complurium.
