<?xml version="1.0" encoding="UTF-8"?>
<!DOCTYPE html PUBLIC "-//W3C//DTD XHTML 1.0 Transitional//EN"
    "http://www.w3.org/TR/xhtml1/DTD/xhtml1-transitional.dtd">
<html xmlns="http://www.w3.org/1999/xhtml" xml:lang="en" lang="en">
 <head>
  <title>
</title>
<meta http-equiv="Content-Type" content="text/html;charset=utf-8" />
  <meta name='ocr-system' content='tesseract 3.04.00' />
  <meta name='ocr-capabilities' content='ocr_page ocr_carea ocr_par ocr_line ocrx_word'/>
</head>
<body>
  <div class='ocr_page' id='page_1' title='image "analectavitrvvi00nohlgoog_0024.png"; bbox 0 0 4372 5640; ppageno 0'>
   <div class='ocr_carea' id='block_1_1' title="bbox 982 299 1203 362">
    <p class='ocr_par' dir='ltr' id='par_1_1' title="bbox 982 299 1203 362">
     <span class='ocr_line' id='line_1_1' title="bbox 982 299 1203 362; baseline -0.005 -18"><span class='ocrx_word' id='word_1_1' title='bbox 982 299 1203 362; x_wconf 70' lang='grc'>,17-</span> 
     </span>
    </p>
   </div>
   <div class='ocr_carea' id='block_1_2' title="bbox 241 473 1949 4808">
    <p class='ocr_par' dir='ltr' id='par_1_2' title="bbox 242 473 1941 670">
     <span class='ocr_line' id='line_1_2' title="bbox 242 473 1941 557; baseline -0.002 -16"><span class='ocrx_word' id='word_1_2' title='bbox 242 478 419 541; x_wconf 88' lang='lat' dir='ltr'>inveniatur.</span> <span class='ocrx_word' id='word_1_3' title='bbox 464 476 585 539; x_wconf 79' lang='lat' dir='ltr'>trencin</span> <span class='ocrx_word' id='word_1_4' title='bbox 613 475 733 557; x_wconf 90' lang='lat' dir='ltr'>apodosi</span> <span class='ocrx_word' id='word_1_5' title='bbox 755 474 890 537; x_wconf 90' lang='lat' dir='ltr'>similiter</span> <span class='ocrx_word' id='word_1_6' title='bbox 916 475 1018 556; x_wconf 84' lang='lat' dir='ltr'><strong>posuit</strong></span> <span class='ocrx_word' id='word_1_7' title='bbox 1032 475 1140 549; x_wconf 82' lang='grc'>217,4</span> <span class='ocrx_word' id='word_1_8' title='bbox 1162 475 1203 537; x_wconf 88' lang='lat' dir='ltr'>ita</span> <span class='ocrx_word' id='word_1_9' title='bbox 1232 477 1294 536; x_wconf 86' lang='lat' dir='ltr'>lore</span> <span class='ocrx_word' id='word_1_10' title='bbox 1322 473 1367 535; x_wconf 91' lang='lat' dir='ltr'>uti</span> <span class='ocrx_word' id='word_1_11' title='bbox 1396 473 1447 552; x_wconf 93' lang='lat' dir='ltr'>qui</span> <span class='ocrx_word' id='word_1_12' title='bbox 1476 481 1576 535; x_wconf 90' lang='lat' dir='ltr'>essent</span> <span class='ocrx_word' id='word_1_13' title='bbox 1606 473 1638 534; x_wconf 95' lang='lat' dir='ltr'>in</span> <span class='ocrx_word' id='word_1_14' title='bbox 1667 491 1700 535; x_wconf 88' lang='lat' dir='ltr'>ea</span> <span class='ocrx_word' id='word_1_15' title='bbox 1726 473 1836 549; x_wconf 87' lang='lat' dir='ltr'>insula,</span> <span class='ocrx_word' id='word_1_16' title='bbox 1869 483 1941 537; x_wconf 92' lang='lat' dir='ltr'>tunc</span> 
     </span>
     <span class='ocr_line' id='line_1_3' title="bbox 242 588 607 670; baseline -0.008 -18"><span class='ocrx_word' id='word_1_17' title='bbox 242 591 383 670; x_wconf 81' lang='lat' dir='ltr'>religione</span> <span class='ocrx_word' id='word_1_18' title='bbox 404 588 607 651; x_wconf 80' lang='lat' dir='ltr'><strong>liberarentur.</strong></span> 
     </span>
    </p>

    <p class='ocr_par' dir='ltr' id='par_1_3' title="bbox 243 696 1942 1229">
     <span class='ocr_line' id='line_1_4' title="bbox 389 696 1942 780; baseline 0 -18"><span class='ocrx_word' id='word_1_19' title='bbox 389 700 488 762; x_wconf 87' lang='lat' dir='ltr'>llVlll.</span> <span class='ocrx_word' id='word_1_20' title='bbox 523 699 585 762; x_wconf 90' lang='lat' dir='ltr'><strong>Lib.</strong></span> <span class='ocrx_word' id='word_1_21' title='bbox 603 699 626 761; x_wconf 95' lang='lat' dir='ltr'>V</span> <span class='ocrx_word' id='word_1_22' title='bbox 641 701 670 768; x_wconf 82' lang='lat'>7.</span> <span class='ocrx_word' id='word_1_23' title='bbox 687 700 706 759; x_wconf 86' lang='lat'><strong>7</strong></span> <span class='ocrx_word' id='word_1_24' title='bbox 721 718 750 780; x_wconf 86' lang='lat' dir='ltr'>p.</span> <span class='ocrx_word' id='word_1_25' title='bbox 769 699 838 772; x_wconf 81' lang='lat'>119,</span> <span class='ocrx_word' id='word_1_26' title='bbox 855 698 874 759; x_wconf 86' lang='lat'>4</span> <span class='ocrx_word' id='word_1_27' title='bbox 896 699 967 760; x_wconf 91' lang='lat' dir='ltr'>haec</span> <span class='ocrx_word' id='word_1_28' title='bbox 989 709 1060 760; x_wconf 92' lang='lat' dir='ltr'>sunt</span> <span class='ocrx_word' id='word_1_29' title='bbox 1081 698 1180 759; x_wconf 87' lang='lat' dir='ltr'>verba:</span> <span class='ocrx_word' id='word_1_30' title='bbox 1203 716 1262 760; x_wconf 93' lang='lat' dir='ltr'>non</span> <span class='ocrx_word' id='word_1_31' title='bbox 1279 697 1378 759; x_wconf 91' lang='lat' dir='ltr'>miuus</span> <span class='ocrx_word' id='word_1_32' title='bbox 1401 697 1426 759; x_wconf 91' lang='lat' dir='ltr'>si</span> <span class='ocrx_word' id='word_1_33' title='bbox 1440 716 1497 777; x_wconf 91' lang='lat' dir='ltr'>qua</span> <span class='ocrx_word' id='word_1_34' title='bbox 1514 696 1656 776; x_wconf 80' lang='lat' dir='ltr'>exiguitas</span> <span class='ocrx_word' id='word_1_35' title='bbox 1670 699 1821 779; x_wconf 91' lang='lat' dir='ltr'>copiarum</span> <span class='ocrx_word' id='word_1_36' title='bbox 1843 699 1873 760; x_wconf 93' lang='lat' dir='ltr'>id</span> <span class='ocrx_word' id='word_1_37' title='bbox 1895 709 1942 763; x_wconf 92' lang='lat' dir='ltr'>est</span> 
     </span>
     <span class='ocr_line' id='line_1_5' title="bbox 243 808 1942 891; baseline -0.002 -14"><span class='ocrx_word' id='word_1_38' title='bbox 243 813 417 887; x_wconf 88' lang='lat' dir='ltr'>marmoris,</span> <span class='ocrx_word' id='word_1_39' title='bbox 443 812 595 886; x_wconf 89' lang='lat' dir='ltr'>materiae,</span> <span class='ocrx_word' id='word_1_40' title='bbox 624 810 863 890; x_wconf 88' lang='lat' dir='ltr'>reliquarumque</span> <span class='ocrx_word' id='word_1_41' title='bbox 884 830 985 873; x_wconf 91' lang='lat' dir='ltr'>rerum</span> <span class='ocrx_word' id='word_1_42' title='bbox 1007 830 1081 890; x_wconf 91' lang='lat' dir='ltr'>quae</span> <span class='ocrx_word' id='word_1_43' title='bbox 1103 819 1259 891; x_wconf 87' lang='lat' dir='ltr'>parantur,</span> <span class='ocrx_word' id='word_1_44' title='bbox 1282 810 1314 870; x_wconf 93' lang='lat' dir='ltr'>in</span> <span class='ocrx_word' id='word_1_45' title='bbox 1336 828 1424 890; x_wconf 92' lang='lat' dir='ltr'>opere</span> <span class='ocrx_word' id='word_1_46' title='bbox 1446 808 1584 883; x_wconf 83' lang='lat' dir='ltr'>deluerit,</span> <span class='ocrx_word' id='word_1_47' title='bbox 1607 809 1728 890; x_wconf 91' lang='lat' dir='ltr'>paulum</span> <span class='ocrx_word' id='word_1_48' title='bbox 1751 810 1868 872; x_wconf 89' lang='lat' dir='ltr'>demere</span> <span class='ocrx_word' id='word_1_49' title='bbox 1890 820 1942 873; x_wconf 93' lang='lat' dir='ltr'>aut</span> 
     </span>
     <span class='ocr_line' id='line_1_6' title="bbox 244 920 1942 1005; baseline -0.002 -17"><span class='ocrx_word' id='word_1_50' title='bbox 244 927 376 989; x_wconf 79' lang='lat' dir='ltr'><strong>adicere.</strong></span> <span class='ocrx_word' id='word_1_51' title='bbox 391 943 492 986; x_wconf 90' lang='lat' dir='ltr'>..non</span> <span class='ocrx_word' id='word_1_52' title='bbox 514 925 571 986; x_wconf 91' lang='lat' dir='ltr'>erit</span> <span class='ocrx_word' id='word_1_53' title='bbox 593 924 729 986; x_wconf 87' lang='lat' dir='ltr'>alienum.</span> <span class='ocrx_word' id='word_1_54' title='bbox 776 923 919 1005; x_wconf 80' lang='lat' dir='ltr'>Desnerr&#39;t,</span> <span class='ocrx_word' id='word_1_55' title='bbox 946 942 1015 984; x_wconf 92' lang='lat' dir='ltr'>cum</span> <span class='ocrx_word' id='word_1_56' title='bbox 1037 931 1116 984; x_wconf 91' lang='lat' dir='ltr'>esset</span> <span class='ocrx_word' id='word_1_57' title='bbox 1137 922 1167 983; x_wconf 94' lang='lat' dir='ltr'>in</span> <span class='ocrx_word' id='word_1_58' title='bbox 1193 921 1276 983; x_wconf 91' lang='lat' dir='ltr'>libris</span> <span class='ocrx_word' id='word_1_59' title='bbox 1299 923 1452 1002; x_wconf 70' lang='lat' dir='ltr'>defuerint,</span> <span class='ocrx_word' id='word_1_60' title='bbox 1481 920 1621 983; x_wconf 89' lang='lat' dir='ltr'>llarinius</span> <span class='ocrx_word' id='word_1_61' title='bbox 1649 922 1742 996; x_wconf 80' lang='lat' dir='ltr'>dedit,</span> <span class='ocrx_word' id='word_1_62' title='bbox 1776 942 1879 985; x_wconf 87' lang='lat' dir='ltr'>vereor</span> <span class='ocrx_word' id='word_1_63' title='bbox 1907 932 1942 986; x_wconf 95' lang='lat' dir='ltr'>ut</span> 
     </span>
     <span class='ocr_line' id='line_1_7' title="bbox 243 1033 1941 1117; baseline -0.002 -17"><span class='ocrx_word' id='word_1_64' title='bbox 243 1047 337 1112; x_wconf 77' lang='lat' dir='ltr'>recte:</span> <span class='ocrx_word' id='word_1_65' title='bbox 359 1056 420 1099; x_wconf 93' lang='lat' dir='ltr'>uon</span> <span class='ocrx_word' id='word_1_66' title='bbox 443 1037 523 1098; x_wconf 90' lang='lat' dir='ltr'>enim</span> <span class='ocrx_word' id='word_1_67' title='bbox 545 1036 687 1115; x_wconf 81' lang='lat' dir='ltr'>exiguitas</span> <span class='ocrx_word' id='word_1_68' title='bbox 710 1038 860 1117; x_wconf 89' lang='lat' dir='ltr'>copiarum</span> <span class='ocrx_word' id='word_1_69' title='bbox 885 1037 975 1108; x_wconf 88' lang='lat' dir='ltr'>deest,</span> <span class='ocrx_word' id='word_1_70' title='bbox 998 1034 1050 1096; x_wconf 90' lang='lat' dir='ltr'>sed</span> <span class='ocrx_word' id='word_1_71' title='bbox 1071 1033 1227 1114; x_wconf 77' lang='lat' dir='ltr'>exiguitate</span> <span class='ocrx_word' id='word_1_72' title='bbox 1250 1034 1400 1115; x_wconf 89' lang='lat' dir='ltr'>copiarum</span> <span class='ocrx_word' id='word_1_73' title='bbox 1422 1033 1517 1114; x_wconf 89' lang='lat' dir='ltr'>aliqua</span> <span class='ocrx_word' id='word_1_74' title='bbox 1541 1033 1641 1097; x_wconf 84' lang='lat' dir='ltr'>deesse</span> <span class='ocrx_word' id='word_1_75' title='bbox 1662 1045 1796 1115; x_wconf 91' lang='lat' dir='ltr'>possunt.</span> <span class='ocrx_word' id='word_1_76' title='bbox 1840 1036 1941 1116; x_wconf 89' lang='lat' dir='ltr'>ltaque</span> 
     </span>
     <span class='ocr_line' id='line_1_8' title="bbox 243 1147 1269 1229; baseline -0.007 -15"><span class='ocrx_word' id='word_1_77' title='bbox 243 1150 416 1214; x_wconf 85' lang='lat' dir='ltr'>scribimus:</span> <span class='ocrx_word' id='word_1_78' title='bbox 438 1152 465 1210; x_wconf 83' lang='lat' dir='ltr'>si</span> <span class='ocrx_word' id='word_1_79' title='bbox 483 1168 540 1228; x_wconf 82' lang='lat' dir='ltr'>qno</span> <span class='ocrx_word' id='word_1_80' title='bbox 561 1153 715 1229; x_wconf 78' lang='lat' dir='ltr'>ecipnttote</span> <span class='ocrx_word' id='word_1_81' title='bbox 739 1154 906 1229; x_wconf 76' lang='lat' dir='ltr'>cepionem.</span> <span class='ocrx_word' id='word_1_82' title='bbox 921 1151 989 1209; x_wconf 83' lang='lat' dir='ltr'>..in</span> <span class='ocrx_word' id='word_1_83' title='bbox 1011 1164 1094 1227; x_wconf 82' lang='lat' dir='ltr'>opere</span> <span class='ocrx_word' id='word_1_84' title='bbox 1116 1147 1269 1226; x_wconf 76' lang='lat' dir='ltr'>defuerint.</span> 
     </span>
    </p>

    <p class='ocr_par' dir='ltr' id='par_1_4' title="bbox 243 1258 1943 2347">
     <span class='ocr_line' id='line_1_9' title="bbox 385 1258 1942 1340; baseline 0.001 -20"><span class='ocrx_word' id='word_1_85' title='bbox 385 1259 500 1321; x_wconf 85' lang='lat' dir='ltr'>XVllll.</span> <span class='ocrx_word' id='word_1_86' title='bbox 537 1259 600 1321; x_wconf 83' lang='lat' dir='ltr'>Lib.</span> <span class='ocrx_word' id='word_1_87' title='bbox 616 1259 653 1321; x_wconf 98' lang='lat' dir='ltr'>Vl</span> <span class='ocrx_word' id='word_1_88' title='bbox 670 1262 697 1334; x_wconf 89' lang='lat'>1,</span> <span class='ocrx_word' id='word_1_89' title='bbox 713 1262 733 1320; x_wconf 81' lang='lat'><strong>4</strong></span> <span class='ocrx_word' id='word_1_90' title='bbox 755 1279 784 1340; x_wconf 87' lang='lat' dir='ltr'>p.</span> <span class='ocrx_word' id='word_1_91' title='bbox 802 1260 872 1333; x_wconf 83' lang='lat'>135,</span> <span class='ocrx_word' id='word_1_92' title='bbox 888 1258 907 1320; x_wconf 88' lang='lat'><em>8</em></span> <span class='ocrx_word' id='word_1_93' title='bbox 923 1260 995 1320; x_wconf 92' lang='lat' dir='ltr'>haec</span> <span class='ocrx_word' id='word_1_94' title='bbox 1010 1267 1182 1320; x_wconf 90' lang='lat' dir='ltr'>narrantur:</span> <span class='ocrx_word' id='word_1_95' title='bbox 1206 1265 1298 1338; x_wconf 87' lang='lat' dir='ltr'>‘quae</span> <span class='ocrx_word' id='word_1_96' title='bbox 1313 1258 1369 1321; x_wconf 93' lang='lat' dir='ltr'>sub</span> <span class='ocrx_word' id='word_1_97' title='bbox 1384 1258 1635 1340; x_wconf 84' lang='lat' dir='ltr'>septentrionibus</span> <span class='ocrx_word' id='word_1_98' title='bbox 1650 1259 1827 1321; x_wconf 91' lang='lat' dir='ltr'>nutriuntur</span> <span class='ocrx_word' id='word_1_99' title='bbox 1841 1269 1942 1339; x_wconf 79' lang='lat' dir='ltr'>gentes</span> 
     </span>
     <span class='ocr_line' id='line_1_10' title="bbox 244 1370 1943 1452; baseline -0.001 -17"><span class='ocrx_word' id='word_1_100' title='bbox 244 1372 426 1435; x_wconf 90' lang='lat' dir='ltr'>immanibus</span> <span class='ocrx_word' id='word_1_101' title='bbox 447 1373 623 1452; x_wconf 84' lang='lat' dir='ltr'>corporibus,</span> <span class='ocrx_word' id='word_1_102' title='bbox 646 1372 777 1434; x_wconf 78' lang='lat' dir='ltr'>madidis</span> <span class='ocrx_word' id='word_1_103' title='bbox 799 1372 948 1443; x_wconf 66' lang='lat' dir='ltr'>coloribus,</span> <span class='ocrx_word' id='word_1_104' title='bbox 972 1370 1083 1432; x_wconf 89' lang='lat' dir='ltr'>directo</span> <span class='ocrx_word' id='word_1_105' title='bbox 1106 1370 1207 1450; x_wconf 83' lang='lat' dir='ltr'>capillo</span> <span class='ocrx_word' id='word_1_106' title='bbox 1229 1379 1260 1432; x_wconf 91' lang='lat' dir='ltr'>et</span> <span class='ocrx_word' id='word_1_107' title='bbox 1280 1373 1357 1445; x_wconf 85' lang='lat' dir='ltr'>rulo,</span> <span class='ocrx_word' id='word_1_108' title='bbox 1381 1371 1467 1433; x_wconf 74' lang='lat' dir='ltr'>ocnlb</span> <span class='ocrx_word' id='word_1_109' title='bbox 1489 1371 1601 1444; x_wconf 85' lang='lat' dir='ltr'>caesiis,</span> <span class='ocrx_word' id='word_1_110' title='bbox 1631 1377 1767 1452; x_wconf 77' lang='lat' dir='ltr'>sangnine</span> <span class='ocrx_word' id='word_1_111' title='bbox 1791 1371 1883 1434; x_wconf 92' lang='lat' dir='ltr'>multo</span> <span class='ocrx_word' id='word_1_112' title='bbox 1905 1372 1943 1434; x_wconf 91' lang='lat' dir='ltr'>ab</span> 
     </span>
     <span class='ocr_line' id='line_1_11' title="bbox 245 1482 1942 1565; baseline -0.001 -18"><span class='ocrx_word' id='word_1_113' title='bbox 245 1485 360 1547; x_wconf 88' lang='lat' dir='ltr'>umoris</span> <span class='ocrx_word' id='word_1_114' title='bbox 388 1483 524 1565; x_wconf 72' lang='lat' dir='ltr'>plenitate</span> <span class='ocrx_word' id='word_1_115' title='bbox 551 1484 681 1564; x_wconf 91' lang='lat' dir='ltr'>caelique</span> <span class='ocrx_word' id='word_1_116' title='bbox 709 1482 976 1563; x_wconf 84' lang='lat' dir='ltr'>refrigerationibus</span> <span class='ocrx_word' id='word_1_117' title='bbox 1004 1491 1076 1543; x_wconf 91' lang='lat' dir='ltr'>sunt</span> <span class='ocrx_word' id='word_1_118' title='bbox 1104 1482 1293 1558; x_wconf 75' lang='lat' dir='ltr'>conformati:</span> <span class='ocrx_word' id='word_1_119' title='bbox 1326 1483 1378 1563; x_wconf 92' lang='lat' dir='ltr'>qui</span> <span class='ocrx_word' id='word_1_120' title='bbox 1411 1491 1509 1545; x_wconf 90' lang='lat' dir='ltr'>autem</span> <span class='ocrx_word' id='word_1_121' title='bbox 1542 1492 1613 1544; x_wconf 91' lang='lat' dir='ltr'>sunt</span> <span class='ocrx_word' id='word_1_122' title='bbox 1640 1483 1767 1564; x_wconf 85' lang='lat' dir='ltr'>proximi</span> <span class='ocrx_word' id='word_1_123' title='bbox 1794 1484 1831 1546; x_wconf 91' lang='lat' dir='ltr'>ad</span> <span class='ocrx_word' id='word_1_124' title='bbox 1858 1503 1942 1546; x_wconf 84' lang='lat' dir='ltr'>axem</span> 
     </span>
     <span class='ocr_line' id='line_1_12' title="bbox 247 1593 1942 1677; baseline 0 -19"><span class='ocrx_word' id='word_1_125' title='bbox 247 1595 441 1658; x_wconf 89' lang='lat' dir='ltr'>meridianum</span> <span class='ocrx_word' id='word_1_126' title='bbox 463 1595 646 1675; x_wconf 82' lang='lat' dir='ltr'>subiectique</span> <span class='ocrx_word' id='word_1_127' title='bbox 668 1595 738 1657; x_wconf 93' lang='lat' dir='ltr'>solis</span> <span class='ocrx_word' id='word_1_128' title='bbox 761 1594 870 1668; x_wconf 90' lang='lat' dir='ltr'>cursui,</span> <span class='ocrx_word' id='word_1_129' title='bbox 893 1593 1075 1656; x_wconf 88' lang='lat' dir='ltr'>brevioribus</span> <span class='ocrx_word' id='word_1_130' title='bbox 1097 1595 1273 1675; x_wconf 71' lang='lat' dir='ltr'>corporibus,</span> <span class='ocrx_word' id='word_1_131' title='bbox 1295 1595 1388 1656; x_wconf 82' lang='lat' dir='ltr'>colore</span> <span class='ocrx_word' id='word_1_132' title='bbox 1409 1598 1501 1668; x_wconf 84' lang='lat' dir='ltr'>lusco,</span> <span class='ocrx_word' id='word_1_133' title='bbox 1524 1594 1621 1675; x_wconf 90' lang='lat' dir='ltr'>crispo</span> <span class='ocrx_word' id='word_1_134' title='bbox 1643 1595 1756 1677; x_wconf 79' lang='lat' dir='ltr'>eupillo,</span> <span class='ocrx_word' id='word_1_135' title='bbox 1784 1596 1873 1658; x_wconf 78' lang='lat' dir='ltr'>oculis</span> <span class='ocrx_word' id='word_1_136' title='bbox 1894 1596 1942 1657; x_wconf 72' lang='lat' dir='ltr'>ni&#39;-</span> 
     </span>
     <span class='ocr_line' id='line_1_13' title="bbox 248 1706 1942 1788; baseline 0.001 -20"><span class='ocrx_word' id='word_1_137' title='bbox 248 1708 321 1788; x_wconf 85' lang='lat' dir='ltr'>gris,</span> <span class='ocrx_word' id='word_1_138' title='bbox 350 1706 486 1769; x_wconf 84' lang='lat' dir='ltr'>cruribus</span> <span class='ocrx_word' id='word_1_139' title='bbox 513 1707 630 1780; x_wconf 89' lang='lat' dir='ltr'>validis,</span> <span class='ocrx_word' id='word_1_140' title='bbox 657 1710 795 1786; x_wconf 81' lang='lat' dir='ltr'>sonpnine</span> <span class='ocrx_word' id='word_1_141' title='bbox 817 1707 922 1786; x_wconf 85' lang='lat' dir='ltr'>exiguo</span> <span class='ocrx_word' id='word_1_142' title='bbox 944 1707 1014 1768; x_wconf 91' lang='lat' dir='ltr'>solis</span> <span class='ocrx_word' id='word_1_143' title='bbox 1036 1706 1150 1787; x_wconf 86' lang='lat' dir='ltr'>impetu</span> <span class='ocrx_word' id='word_1_144' title='bbox 1171 1706 1386 1787; x_wconf 78' lang='lat' dir='ltr'>perficiuntur&#39;.</span> <span class='ocrx_word' id='word_1_145' title='bbox 1432 1706 1538 1769; x_wconf 87' lang='lat' dir='ltr'>Omnia</span> <span class='ocrx_word' id='word_1_146' title='bbox 1560 1717 1681 1787; x_wconf 88' lang='lat' dir='ltr'>apparet</span> <span class='ocrx_word' id='word_1_147' title='bbox 1707 1707 1810 1770; x_wconf 93' lang='lat' dir='ltr'>eodem</span> <span class='ocrx_word' id='word_1_148' title='bbox 1841 1708 1942 1770; x_wconf 89' lang='lat' dir='ltr'>ordine</span> 
     </span>
     <span class='ocr_line' id='line_1_14' title="bbox 245 1811 1943 1908; baseline 0 -27"><span class='ocrx_word' id='word_1_149' title='bbox 245 1821 425 1892; x_wconf 87' lang='lat' dir='ltr'>enumerari,</span> <span class='ocrx_word' id='word_1_150' title='bbox 453 1818 511 1880; x_wconf 90' lang='lat' dir='ltr'>nisi</span> <span class='ocrx_word' id='word_1_151' title='bbox 537 1818 617 1899; x_wconf 92' lang='lat' dir='ltr'>quod</span> <span class='ocrx_word' id='word_1_152' title='bbox 639 1819 772 1908; x_wconf 81' lang='lat' dir='ltr'>eruribus</span> <span class='ocrx_word' id='word_1_153' title='bbox 794 1818 896 1880; x_wconf 81' lang='lat' dir='ltr'>validis</span> <span class='ocrx_word' id='word_1_154' title='bbox 923 1837 983 1880; x_wconf 93' lang='lat' dir='ltr'>non</span> <span class='ocrx_word' id='word_1_155' title='bbox 1012 1819 1100 1880; x_wconf 94' lang='lat' dir='ltr'>modo</span> <span class='ocrx_word' id='word_1_156' title='bbox 1130 1818 1229 1899; x_wconf 90' lang='lat' dir='ltr'>ipsum</span> <span class='ocrx_word' id='word_1_157' title='bbox 1257 1811 1391 1899; x_wconf 85' lang='lat' dir='ltr'>ineptum</span> <span class='ocrx_word' id='word_1_158' title='bbox 1414 1826 1475 1891; x_wconf 86' lang='lat' dir='ltr'>est,</span> <span class='ocrx_word' id='word_1_159' title='bbox 1503 1818 1554 1879; x_wconf 93' lang='lat' dir='ltr'>sed</span> <span class='ocrx_word' id='word_1_160' title='bbox 1581 1837 1618 1879; x_wconf 92' lang='lat' dir='ltr'>ne</span> <span class='ocrx_word' id='word_1_161' title='bbox 1644 1819 1733 1880; x_wconf 92' lang='lat' dir='ltr'>habet</span> <span class='ocrx_word' id='word_1_162' title='bbox 1753 1811 1870 1900; x_wconf 90' lang='lat' dir='ltr'>quidem</span> <span class='ocrx_word' id='word_1_163' title='bbox 1895 1820 1943 1881; x_wconf 92' lang='lat' dir='ltr'>cui</span> 
     </span>
     <span class='ocr_line' id='line_1_15' title="bbox 243 1929 1943 2011; baseline 0 -19"><span class='ocrx_word' id='word_1_164' title='bbox 243 1930 429 2011; x_wconf 90' lang='lat' dir='ltr'>respondeat.</span> <span class='ocrx_word' id='word_1_165' title='bbox 473 1929 573 2010; x_wconf 89' lang='lat' dir='ltr'>Neque</span> <span class='ocrx_word' id='word_1_166' title='bbox 596 1929 771 1992; x_wconf 89' lang='lat' dir='ltr'>mutandum</span> <span class='ocrx_word' id='word_1_167' title='bbox 794 1931 850 1991; x_wconf 90' lang='lat' dir='ltr'>hoc</span> <span class='ocrx_word' id='word_1_168' title='bbox 871 1938 930 2003; x_wconf 89' lang='lat' dir='ltr'>est,</span> <span class='ocrx_word' id='word_1_169' title='bbox 959 1929 989 1991; x_wconf 90' lang='lat' dir='ltr'>id</span> <span class='ocrx_word' id='word_1_170' title='bbox 1011 1929 1090 2009; x_wconf 93' lang='lat' dir='ltr'>quod</span> <span class='ocrx_word' id='word_1_171' title='bbox 1111 1932 1245 1992; x_wconf 84' lang='lat' dir='ltr'>lecerunt</span> <span class='ocrx_word' id='word_1_172' title='bbox 1262 1929 1414 1992; x_wconf 80' lang='lat' dir='ltr'>lucendus</span> <span class='ocrx_word' id='word_1_173' title='bbox 1440 1949 1568 2009; x_wconf 91' lang='lat' dir='ltr'>eumque</span> <span class='ocrx_word' id='word_1_174' title='bbox 1597 1932 1648 2011; x_wconf 91' lang='lat' dir='ltr'>qui</span> <span class='ocrx_word' id='word_1_175' title='bbox 1671 1931 1764 1992; x_wconf 88' lang='lat' dir='ltr'>secuti</span> <span class='ocrx_word' id='word_1_176' title='bbox 1786 1942 1857 1994; x_wconf 90' lang='lat' dir='ltr'>sunt</span> <span class='ocrx_word' id='word_1_177' title='bbox 1879 1932 1943 1994; x_wconf 93' lang='lat' dir='ltr'>edi-</span> 
     </span>
     <span class='ocr_line' id='line_1_16' title="bbox 245 2041 1942 2123; baseline 0.001 -19"><span class='ocrx_word' id='word_1_178' title='bbox 245 2051 323 2104; x_wconf 89' lang='lat' dir='ltr'>tores</span> <span class='ocrx_word' id='word_1_179' title='bbox 351 2041 416 2122; x_wconf 89' lang='lat' dir='ltr'>(qui</span> <span class='ocrx_word' id='word_1_180' title='bbox 437 2042 540 2121; x_wconf 89' lang='lat' dir='ltr'>legunt</span> <span class='ocrx_word' id='word_1_181' title='bbox 568 2042 701 2104; x_wconf 70' lang='lat' dir='ltr'>ennon</span> <span class='ocrx_word' id='word_1_182' title='bbox 727 2041 910 2121; x_wconf 51' lang='lat' dir='ltr'>inochdrss),</span> <span class='ocrx_word' id='word_1_183' title='bbox 942 2041 992 2103; x_wconf 91' lang='lat' dir='ltr'>sed</span> <span class='ocrx_word' id='word_1_184' title='bbox 1020 2042 1191 2104; x_wconf 92' lang='lat' dir='ltr'>tollendum.</span> <span class='ocrx_word' id='word_1_185' title='bbox 1237 2041 1308 2102; x_wconf 87' lang='lat' dir='ltr'>llibi</span> <span class='ocrx_word' id='word_1_186' title='bbox 1329 2042 1445 2104; x_wconf 90' lang='lat' dir='ltr'>videtur</span> <span class='ocrx_word' id='word_1_187' title='bbox 1470 2043 1605 2105; x_wconf 83' lang='lat' dir='ltr'>librarius</span> <span class='ocrx_word' id='word_1_188' title='bbox 1633 2043 1732 2105; x_wconf 90' lang='lat' dir='ltr'>nescio</span> <span class='ocrx_word' id='word_1_189' title='bbox 1759 2043 1826 2123; x_wconf 90' lang='lat' dir='ltr'>quis</span> <span class='ocrx_word' id='word_1_190' title='bbox 1852 2044 1942 2106; x_wconf 87' lang='lat' dir='ltr'>Italus</span> 
     </span>
     <span class='ocr_line' id='line_1_17' title="bbox 246 2153 1942 2236; baseline 0 -20"><span class='ocrx_word' id='word_1_191' title='bbox 246 2154 326 2216; x_wconf 89' lang='lat' dir='ltr'>brevi</span> <span class='ocrx_word' id='word_1_192' title='bbox 347 2171 479 2233; x_wconf 91' lang='lat' dir='ltr'>corpore,</span> <span class='ocrx_word' id='word_1_193' title='bbox 502 2153 601 2214; x_wconf 89' lang='lat' dir='ltr'>colore</span> <span class='ocrx_word' id='word_1_194' title='bbox 614 2155 708 2227; x_wconf 87' lang='lat' dir='ltr'>lusco,</span> <span class='ocrx_word' id='word_1_195' title='bbox 730 2153 828 2234; x_wconf 90' lang='lat' dir='ltr'>crispo</span> <span class='ocrx_word' id='word_1_196' title='bbox 849 2153 962 2234; x_wconf 85' lang='lat' dir='ltr'>capillo,</span> <span class='ocrx_word' id='word_1_197' title='bbox 985 2153 1078 2214; x_wconf 90' lang='lat' dir='ltr'>oculis</span> <span class='ocrx_word' id='word_1_198' title='bbox 1101 2153 1190 2233; x_wconf 89' lang='lat' dir='ltr'>nigris</span> <span class='ocrx_word' id='word_1_199' title='bbox 1206 2153 1379 2234; x_wconf 89' lang='lat' dir='ltr'>superbiens</span> <span class='ocrx_word' id='word_1_200' title='bbox 1401 2154 1538 2216; x_wconf 89' lang='lat' dir='ltr'>cruribus</span> <span class='ocrx_word' id='word_1_201' title='bbox 1561 2155 1622 2217; x_wconf 91' lang='lat' dir='ltr'>suis</span> <span class='ocrx_word' id='word_1_202' title='bbox 1645 2154 1747 2218; x_wconf 90' lang='lat' dir='ltr'>validis</span> <span class='ocrx_word' id='word_1_203' title='bbox 1768 2155 1845 2217; x_wconf 87' lang='lat' dir='ltr'>banc</span> <span class='ocrx_word' id='word_1_204' title='bbox 1858 2156 1942 2236; x_wconf 88' lang='lat' dir='ltr'>quasi</span> 
     </span>
     <span class='ocr_line' id='line_1_18' title="bbox 243 2264 1632 2347; baseline -0.001 -19"><span class='ocrx_word' id='word_1_205' title='bbox 243 2265 359 2328; x_wconf 77' lang='lat' dir='ltr'>laudem</span> <span class='ocrx_word' id='word_1_206' title='bbox 382 2265 568 2347; x_wconf 88' lang='lat' dir='ltr'>popularium</span> <span class='ocrx_word' id='word_1_207' title='bbox 590 2265 747 2327; x_wconf 83' lang='lat' dir='ltr'>addidisse.</span> <span class='ocrx_word' id='word_1_208' title='bbox 793 2264 936 2327; x_wconf 84' lang='lat' dir='ltr'>Similiter</span> <span class='ocrx_word' id='word_1_209' title='bbox 957 2264 1036 2327; x_wconf 90' lang='lat' dir='ltr'>aliud</span> <span class='ocrx_word' id='word_1_210' title='bbox 1057 2265 1290 2327; x_wconf 87' lang='lat' dir='ltr'>additamentum</span> <span class='ocrx_word' id='word_1_211' title='bbox 1313 2265 1409 2347; x_wconf 90' lang='lat' dir='ltr'>ipsum</span> <span class='ocrx_word' id='word_1_212' title='bbox 1434 2286 1466 2328; x_wconf 92' lang='lat' dir='ltr'>se</span> <span class='ocrx_word' id='word_1_213' title='bbox 1487 2268 1632 2346; x_wconf 81' lang='lat' dir='ltr'>coarguit:</span> 
     </span>
    </p>

    <p class='ocr_par' dir='ltr' id='par_1_5' title="bbox 242 2375 1942 2906">
     <span class='ocr_line' id='line_1_19' title="bbox 386 2375 1941 2458; baseline 0.001 -20"><span class='ocrx_word' id='word_1_214' title='bbox 386 2377 449 2438; x_wconf 82' lang='lat' dir='ltr'>XX.</span> <span class='ocrx_word' id='word_1_215' title='bbox 486 2377 549 2439; x_wconf 84' lang='lat' dir='ltr'>Lib.</span> <span class='ocrx_word' id='word_1_216' title='bbox 566 2377 616 2437; x_wconf 91' lang='lat' dir='ltr'>Vll</span> <span class='ocrx_word' id='word_1_217' title='bbox 632 2377 717 2450; x_wconf 64' lang='lat'>122</span> <span class='ocrx_word' id='word_1_218' title='bbox 740 2397 769 2458; x_wconf 84' lang='lat' dir='ltr'>p.</span> <span class='ocrx_word' id='word_1_219' title='bbox 788 2377 856 2450; x_wconf 89' lang='lat'>181,</span> <span class='ocrx_word' id='word_1_220' title='bbox 875 2375 913 2438; x_wconf 88' lang='lat'>18</span> <span class='ocrx_word' id='word_1_221' title='bbox 929 2376 980 2438; x_wconf 92' lang='lat' dir='ltr'>ubi</span> <span class='ocrx_word' id='word_1_222' title='bbox 995 2377 1134 2438; x_wconf 88' lang='lat' dir='ltr'>traditur:</span> <span class='ocrx_word' id='word_1_223' title='bbox 1157 2396 1360 2457; x_wconf 87' lang='lat' dir='ltr'>cerussavero</span> <span class='ocrx_word' id='word_1_224' title='bbox 1377 2397 1446 2440; x_wconf 90' lang='lat' dir='ltr'>cum</span> <span class='ocrx_word' id='word_1_225' title='bbox 1469 2379 1499 2439; x_wconf 92' lang='lat' dir='ltr'>in</span> <span class='ocrx_word' id='word_1_226' title='bbox 1521 2380 1638 2440; x_wconf 80' lang='lat' dir='ltr'>fornace</span> <span class='ocrx_word' id='word_1_227' title='bbox 1660 2379 1805 2458; x_wconf 74' lang='lat' dir='ltr'>coquntur,</span> <span class='ocrx_word' id='word_1_228' title='bbox 1828 2387 1941 2441; x_wconf 89' lang='lat' dir='ltr'>mutato</span> 
     </span>
     <span class='ocr_line' id='line_1_20' title="bbox 245 2488 1942 2570; baseline 0.001 -19"><span class='ocrx_word' id='word_1_229' title='bbox 245 2488 340 2551; x_wconf 90' lang='lat' dir='ltr'>colore</span> <span class='ocrx_word' id='word_1_230' title='bbox 362 2489 397 2551; x_wconf 91' lang='lat' dir='ltr'>ad</span> <span class='ocrx_word' id='word_1_231' title='bbox 421 2491 518 2568; x_wconf 89' lang='lat' dir='ltr'>ignem</span> <span class='ocrx_word' id='word_1_232' title='bbox 540 2489 668 2550; x_wconf 90' lang='lat' dir='ltr'>incendii</span> <span class='ocrx_word' id='word_1_233' title='bbox 690 2489 744 2569; x_wconf 84' lang='lat' dir='ltr'>(ita</span> <span class='ocrx_word' id='word_1_234' title='bbox 766 2488 834 2550; x_wconf 92' lang='lat' dir='ltr'>libri</span> <span class='ocrx_word' id='word_1_235' title='bbox 855 2488 979 2550; x_wconf 86' lang='lat' dir='ltr'>Gudiani</span> <span class='ocrx_word' id='word_1_236' title='bbox 1002 2488 1065 2563; x_wconf 86' lang='lat' dir='ltr'>EG,</span> <span class='ocrx_word' id='word_1_237' title='bbox 1093 2490 1208 2570; x_wconf 81' lang='lat' dir='ltr'>incendi</span> <span class='ocrx_word' id='word_1_238' title='bbox 1232 2488 1419 2570; x_wconf 86' lang='lat' dir='ltr'>Harleianus)</span> <span class='ocrx_word' id='word_1_239' title='bbox 1448 2490 1576 2552; x_wconf 86' lang='lat' dir='ltr'>efficitur</span> <span class='ocrx_word' id='word_1_240' title='bbox 1601 2490 1767 2552; x_wconf 90' lang='lat' dir='ltr'>sandaraca.</span> <span class='ocrx_word' id='word_1_241' title='bbox 1812 2490 1942 2552; x_wconf 90' lang='lat' dir='ltr'>lucendii</span> 
     </span>
     <span class='ocr_line' id='line_1_21' title="bbox 244 2599 1942 2682; baseline 0 -20"><span class='ocrx_word' id='word_1_242' title='bbox 244 2601 322 2662; x_wconf 91' lang='lat' dir='ltr'>euim</span> <span class='ocrx_word' id='word_1_243' title='bbox 346 2600 520 2663; x_wconf 92' lang='lat' dir='ltr'>vocabulum</span> <span class='ocrx_word' id='word_1_244' title='bbox 542 2609 729 2682; x_wconf 89' lang='lat' dir='ltr'>praepostere</span> <span class='ocrx_word' id='word_1_245' title='bbox 751 2599 931 2662; x_wconf 86' lang='lat' dir='ltr'>inculcatum</span> <span class='ocrx_word' id='word_1_246' title='bbox 953 2609 1025 2682; x_wconf 91' lang='lat' dir='ltr'>puto</span> <span class='ocrx_word' id='word_1_247' title='bbox 1048 2619 1084 2662; x_wconf 82' lang='lat' dir='ltr'>ex</span> <span class='ocrx_word' id='word_1_248' title='bbox 1098 2601 1251 2662; x_wconf 86' lang='lat' dir='ltr'>enuntiato</span> <span class='ocrx_word' id='word_1_249' title='bbox 1272 2601 1454 2681; x_wconf 89' lang='lat' dir='ltr'>insequenti:</span> <span class='ocrx_word' id='word_1_250' title='bbox 1476 2602 1507 2664; x_wconf 95' lang='lat' dir='ltr'>id</span> <span class='ocrx_word' id='word_1_251' title='bbox 1529 2611 1628 2665; x_wconf 88' lang='lat' dir='ltr'>autem</span> <span class='ocrx_word' id='word_1_252' title='bbox 1650 2602 1786 2665; x_wconf 90' lang='lat' dir='ltr'>incendio</span> <span class='ocrx_word' id='word_1_253' title='bbox 1808 2606 1884 2666; x_wconf 82' lang='lat' dir='ltr'>lacto</span> <span class='ocrx_word' id='word_1_254' title='bbox 1906 2621 1942 2663; x_wconf 83' lang='lat' dir='ltr'>ex</span> 
     </span>
     <span class='ocr_line' id='line_1_22' title="bbox 242 2694 1942 2787; baseline -0.001 -12"><span class='ocrx_word' id='word_1_255' title='bbox 242 2732 313 2775; x_wconf 92' lang='lat' dir='ltr'>casu</span> <span class='ocrx_word' id='word_1_256' title='bbox 336 2694 501 2775; x_wconf 83' lang='lat' dir='ltr'>didicerunt</span> <span class='ocrx_word' id='word_1_257' title='bbox 530 2713 681 2787; x_wconf 77' lang='lat' dir='ltr'>homines:</span> <span class='ocrx_word' id='word_1_258' title='bbox 714 2723 748 2774; x_wconf 92' lang='lat' dir='ltr'>ut</span> <span class='ocrx_word' id='word_1_259' title='bbox 778 2731 837 2774; x_wconf 91' lang='lat' dir='ltr'>non</span> <span class='ocrx_word' id='word_1_260' title='bbox 865 2712 1009 2775; x_wconf 90' lang='lat' dir='ltr'>assentiar</span> <span class='ocrx_word' id='word_1_261' title='bbox 1029 2712 1172 2776; x_wconf 81' lang='lat' dir='ltr'>salmasio</span> <span class='ocrx_word' id='word_1_262' title='bbox 1200 2713 1339 2775; x_wconf 85' lang='lat' dir='ltr'>scribenti</span> <span class='ocrx_word' id='word_1_263' title='bbox 1368 2714 1498 2776; x_wconf 82' lang='lat' dir='ltr'>incendio</span> <span class='ocrx_word' id='word_1_264' title='bbox 1527 2733 1582 2775; x_wconf 89' lang='lat' dir='ltr'>nec</span> <span class='ocrx_word' id='word_1_265' title='bbox 1604 2714 1729 2775; x_wconf 91' lang='lat' dir='ltr'>lucundi</span> <span class='ocrx_word' id='word_1_266' title='bbox 1758 2713 1942 2776; x_wconf 84' lang='lat' dir='ltr'>coniecturae</span> 
     </span>
     <span class='ocr_line' id='line_1_23' title="bbox 242 2823 1898 2906; baseline 0.001 -20"><span class='ocrx_word' id='word_1_267' title='bbox 242 2826 282 2887; x_wconf 89' lang='lat' dir='ltr'>nd</span> <span class='ocrx_word' id='word_1_268' title='bbox 302 2830 375 2906; x_wconf 76' lang='lat' dir='ltr'>ignis</span> <span class='ocrx_word' id='word_1_269' title='bbox 395 2826 566 2895; x_wconf 75' lang='lat' dir='ltr'>incendebat,</span> <span class='ocrx_word' id='word_1_270' title='bbox 589 2823 762 2906; x_wconf 84' lang='lat' dir='ltr'>praesertim</span> <span class='ocrx_word' id='word_1_271' title='bbox 785 2843 854 2886; x_wconf 92' lang='lat' dir='ltr'>cum</span> <span class='ocrx_word' id='word_1_272' title='bbox 877 2844 909 2887; x_wconf 92' lang='lat' dir='ltr'>ea</span> <span class='ocrx_word' id='word_1_273' title='bbox 931 2843 1002 2887; x_wconf 84' lang='lat' dir='ltr'>voce</span> <span class='ocrx_word' id='word_1_274' title='bbox 1023 2824 1173 2886; x_wconf 81' lang='lat' dir='ltr'>Vitruvius</span> <span class='ocrx_word' id='word_1_275' title='bbox 1194 2824 1252 2886; x_wconf 89' lang='lat' dir='ltr'>nisi</span> <span class='ocrx_word' id='word_1_276' title='bbox 1275 2825 1310 2886; x_wconf 91' lang='lat' dir='ltr'>de</span> <span class='ocrx_word' id='word_1_277' title='bbox 1331 2825 1470 2886; x_wconf 83' lang='lat' dir='ltr'>aediliciis</span> <span class='ocrx_word' id='word_1_278' title='bbox 1492 2825 1650 2887; x_wconf 91' lang='lat' dir='ltr'>navibusve</span> <span class='ocrx_word' id='word_1_279' title='bbox 1673 2845 1745 2887; x_wconf 93' lang='lat' dir='ltr'>usus</span> <span class='ocrx_word' id='word_1_280' title='bbox 1768 2845 1828 2887; x_wconf 93' lang='lat' dir='ltr'>non</span> <span class='ocrx_word' id='word_1_281' title='bbox 1850 2826 1898 2887; x_wconf 91' lang='lat' dir='ltr'>sit.</span> 
     </span>
    </p>

    <p class='ocr_par' dir='ltr' id='par_1_6' title="bbox 242 2935 1949 3796">
     <span class='ocr_line' id='line_1_24' title="bbox 385 2935 1941 3018; baseline 0.001 -21"><span class='ocrx_word' id='word_1_282' title='bbox 385 2937 461 2998; x_wconf 75' lang='lat' dir='ltr'>xxv.</span> <span class='ocrx_word' id='word_1_283' title='bbox 499 2937 561 2998; x_wconf 90' lang='lat' dir='ltr'>Lib.</span> <span class='ocrx_word' id='word_1_284' title='bbox 578 2938 604 2999; x_wconf 88' lang='lat' dir='ltr'>ss</span> <span class='ocrx_word' id='word_1_285' title='bbox 621 2938 649 3010; x_wconf 88' lang='lat'>1,</span> <span class='ocrx_word' id='word_1_286' title='bbox 665 2935 684 2996; x_wconf 82' lang='lat'><strong>2</strong></span> <span class='ocrx_word' id='word_1_287' title='bbox 707 2956 735 3017; x_wconf 91' lang='lat' dir='ltr'>p.</span> <span class='ocrx_word' id='word_1_288' title='bbox 753 2935 802 3009; x_wconf 89' lang='grc'>34,</span> <span class='ocrx_word' id='word_1_289' title='bbox 821 2938 839 2998; x_wconf 83' lang='grc'><strong>7</strong></span> <span class='ocrx_word' id='word_1_290' title='bbox 856 2936 927 2999; x_wconf 92' lang='lat' dir='ltr'>haec</span> <span class='ocrx_word' id='word_1_291' title='bbox 942 2945 1042 2998; x_wconf 88' lang='lat' dir='ltr'>narrat</span> <span class='ocrx_word' id='word_1_292' title='bbox 1057 2936 1221 2998; x_wconf 87' lang='lat' dir='ltr'>Vitruvius:</span> <span class='ocrx_word' id='word_1_293' title='bbox 1245 2945 1406 3018; x_wconf 90' lang='lat' dir='ltr'>coeperunt</span> <span class='ocrx_word' id='word_1_294' title='bbox 1419 2937 1468 2998; x_wconf 94' lang='lat' dir='ltr'>alii</span> <span class='ocrx_word' id='word_1_295' title='bbox 1483 2939 1518 2998; x_wconf 90' lang='lat' dir='ltr'>de</span> <span class='ocrx_word' id='word_1_296' title='bbox 1541 2938 1645 2999; x_wconf 84' lang='lat' dir='ltr'>honde</span> <span class='ocrx_word' id='word_1_297' title='bbox 1667 2941 1762 3000; x_wconf 83' lang='lat' dir='ltr'>lacere</span> <span class='ocrx_word' id='word_1_298' title='bbox 1784 2946 1869 3011; x_wconf 90' lang='lat' dir='ltr'>tecta,</span> <span class='ocrx_word' id='word_1_299' title='bbox 1891 2936 1941 2998; x_wconf 84' lang='lat' dir='ltr'>elii</span> 
     </span>
     <span class='ocr_line' id='line_1_25' title="bbox 244 3034 1941 3128; baseline 0.001 -19"><span class='ocrx_word' id='word_1_300' title='bbox 244 3034 398 3128; x_wconf 90' lang='lat' dir='ltr'>speluncas</span> <span class='ocrx_word' id='word_1_301' title='bbox 420 3050 519 3111; x_wconf 82' lang='lat' dir='ltr'>fodere</span> <span class='ocrx_word' id='word_1_302' title='bbox 542 3050 598 3111; x_wconf 91' lang='lat' dir='ltr'>sub</span> <span class='ocrx_word' id='word_1_303' title='bbox 621 3049 789 3123; x_wconf 89' lang='lat' dir='ltr'>montibus,</span> <span class='ocrx_word' id='word_1_304' title='bbox 815 3049 950 3111; x_wconf 90' lang='lat' dir='ltr'>nonnulli</span> <span class='ocrx_word' id='word_1_305' title='bbox 978 3049 1171 3111; x_wconf 86' lang='lat' dir='ltr'>hirundirmm</span> <span class='ocrx_word' id='word_1_306' title='bbox 1197 3050 1283 3110; x_wconf 92' lang='lat' dir='ltr'>nidos</span> <span class='ocrx_word' id='word_1_307' title='bbox 1310 3060 1339 3111; x_wconf 91' lang='lat' dir='ltr'>et</span> <span class='ocrx_word' id='word_1_308' title='bbox 1361 3049 1576 3112; x_wconf 89' lang='lat' dir='ltr'>aedificationes</span> <span class='ocrx_word' id='word_1_309' title='bbox 1602 3068 1703 3112; x_wconf 89' lang='lat' dir='ltr'>earum</span> <span class='ocrx_word' id='word_1_310' title='bbox 1732 3049 1882 3111; x_wconf 87' lang='lat' dir='ltr'>imitantes</span> <span class='ocrx_word' id='word_1_311' title='bbox 1905 3049 1941 3111; x_wconf 91' lang='lat' dir='ltr'>de</span> 
     </span>
     <span class='ocr_line' id='line_1_26' title="bbox 242 3160 1940 3241; baseline 0.002 -23"><span class='ocrx_word' id='word_1_312' title='bbox 242 3160 305 3220; x_wconf 90' lang='lat' dir='ltr'>luto</span> <span class='ocrx_word' id='word_1_313' title='bbox 328 3169 358 3220; x_wconf 86' lang='lat' dir='ltr'>et</span> <span class='ocrx_word' id='word_1_314' title='bbox 380 3160 500 3239; x_wconf 87' lang='lat' dir='ltr'>virgulis</span> <span class='ocrx_word' id='word_1_315' title='bbox 521 3164 616 3222; x_wconf 80' lang='lat' dir='ltr'>tacere</span> <span class='ocrx_word' id='word_1_316' title='bbox 638 3161 699 3223; x_wconf 91' lang='lat' dir='ltr'>loca</span> <span class='ocrx_word' id='word_1_317' title='bbox 727 3180 802 3241; x_wconf 92' lang='lat' dir='ltr'>quae</span> <span class='ocrx_word' id='word_1_318' title='bbox 829 3160 971 3223; x_wconf 89' lang='lat' dir='ltr'>subirent.</span> <span class='ocrx_word' id='word_1_319' title='bbox 1015 3160 1080 3223; x_wconf 89' lang='lat' dir='ltr'>Non</span> <span class='ocrx_word' id='word_1_320' title='bbox 1107 3161 1257 3241; x_wconf 85' lang='lat' dir='ltr'>ignorasse</span> <span class='ocrx_word' id='word_1_321' title='bbox 1279 3171 1353 3241; x_wconf 89' lang='lat' dir='ltr'>puto</span> <span class='ocrx_word' id='word_1_322' title='bbox 1375 3179 1459 3237; x_wconf 90' lang='lat' dir='ltr'>eum,</span> <span class='ocrx_word' id='word_1_323' title='bbox 1489 3161 1661 3223; x_wconf 88' lang='lat' dir='ltr'>hirundines</span> <span class='ocrx_word' id='word_1_324' title='bbox 1685 3161 1747 3223; x_wconf 89' lang='lat' dir='ltr'>solo</span> <span class='ocrx_word' id='word_1_325' title='bbox 1769 3161 1848 3235; x_wconf 87' lang='lat' dir='ltr'>luto,</span> <span class='ocrx_word' id='word_1_326' title='bbox 1879 3179 1940 3222; x_wconf 90' lang='lat' dir='ltr'>non</span> 
     </span>
     <span class='ocr_line' id='line_1_27' title="bbox 242 3269 1949 3353; baseline 0.002 -24"><span class='ocrx_word' id='word_1_327' title='bbox 242 3269 363 3348; x_wconf 87' lang='lat' dir='ltr'>virgulis</span> <span class='ocrx_word' id='word_1_328' title='bbox 386 3270 430 3331; x_wconf 89' lang='lat' dir='ltr'>uti</span> <span class='ocrx_word' id='word_1_329' title='bbox 450 3271 482 3331; x_wconf 94' lang='lat' dir='ltr'>in</span> <span class='ocrx_word' id='word_1_330' title='bbox 505 3271 581 3333; x_wconf 93' lang='lat' dir='ltr'>nidis</span> <span class='ocrx_word' id='word_1_331' title='bbox 603 3272 818 3346; x_wconf 89' lang='lat' dir='ltr'>construendis,</span> <span class='ocrx_word' id='word_1_332' title='bbox 841 3271 877 3334; x_wconf 93' lang='lat' dir='ltr'>de</span> <span class='ocrx_word' id='word_1_333' title='bbox 898 3272 1006 3353; x_wconf 91' lang='lat' dir='ltr'>quibus</span> <span class='ocrx_word' id='word_1_334' title='bbox 1020 3272 1133 3334; x_wconf 89' lang='lat' dir='ltr'>Plinius</span> <span class='ocrx_word' id='word_1_335' title='bbox 1149 3272 1219 3334; x_wconf 89' lang='lat' dir='ltr'>dicit</span> <span class='ocrx_word' id='word_1_336' title='bbox 1236 3274 1279 3352; x_wconf 91' lang='lat' dir='ltr'>(n.</span> <span class='ocrx_word' id='word_1_337' title='bbox 1295 3273 1324 3333; x_wconf 91' lang='lat' dir='ltr'>h.</span> <span class='ocrx_word' id='word_1_338' title='bbox 1340 3272 1366 3333; x_wconf 83' lang='lat' dir='ltr'>X</span> <span class='ocrx_word' id='word_1_339' title='bbox 1382 3273 1451 3352; x_wconf 80' lang='lat'>92):</span> <span class='ocrx_word' id='word_1_340' title='bbox 1474 3272 1649 3335; x_wconf 88' lang='lat' dir='ltr'>hirundines</span> <span class='ocrx_word' id='word_1_341' title='bbox 1670 3272 1733 3335; x_wconf 89' lang='lat' dir='ltr'>luto</span> <span class='ocrx_word' id='word_1_342' title='bbox 1753 3281 1949 3345; x_wconf 51' lang='lat' dir='ltr'>construunt,¹</span> 
     </span>
     <span class='ocr_line' id='line_1_28' title="bbox 243 3382 1939 3466; baseline 0.001 -24"><span class='ocrx_word' id='word_1_343' title='bbox 243 3390 406 3443; x_wconf 86' lang='lat' dir='ltr'>stramento</span> <span class='ocrx_word' id='word_1_344' title='bbox 427 3382 581 3457; x_wconf 75' lang='lat' dir='ltr'>roborant:</span> <span class='ocrx_word' id='word_1_345' title='bbox 615 3384 778 3465; x_wconf 91' lang='lat' dir='ltr'>siquando</span> <span class='ocrx_word' id='word_1_346' title='bbox 805 3383 902 3465; x_wconf 88' lang='lat' dir='ltr'>iuopia</span> <span class='ocrx_word' id='word_1_347' title='bbox 924 3392 971 3445; x_wconf 91' lang='lat' dir='ltr'>est</span> <span class='ocrx_word' id='word_1_348' title='bbox 991 3385 1062 3458; x_wconf 86' lang='lat' dir='ltr'>luti,</span> <span class='ocrx_word' id='word_1_349' title='bbox 1090 3384 1259 3446; x_wconf 80' lang='lat' dir='ltr'>madefactis</span> <span class='ocrx_word' id='word_1_350' title='bbox 1283 3384 1374 3446; x_wconf 88' lang='lat' dir='ltr'>multa</span> <span class='ocrx_word' id='word_1_351' title='bbox 1396 3403 1471 3465; x_wconf 85' lang='lat' dir='ltr'>aqua</span> <span class='ocrx_word' id='word_1_352' title='bbox 1493 3385 1592 3466; x_wconf 88' lang='lat' dir='ltr'>pinnis</span> <span class='ocrx_word' id='word_1_353' title='bbox 1614 3385 1763 3466; x_wconf 86' lang='lat' dir='ltr'>pulverem</span> <span class='ocrx_word' id='word_1_354' title='bbox 1788 3393 1939 3466; x_wconf 87' lang='lat' dir='ltr'>spargunt.</span> 
     </span>
     <span class='ocr_line' id='line_1_29' title="bbox 243 3491 1941 3577; baseline 0.004 -27"><span class='ocrx_word' id='word_1_355' title='bbox 243 3491 395 3554; x_wconf 91' lang='lat' dir='ltr'>Praeterea</span> <span class='ocrx_word' id='word_1_356' title='bbox 417 3512 485 3555; x_wconf 92' lang='lat' dir='ltr'>cum</span> <span class='ocrx_word' id='word_1_357' title='bbox 512 3513 587 3573; x_wconf 89' lang='lat' dir='ltr'>quae</span> <span class='ocrx_word' id='word_1_358' title='bbox 613 3496 674 3559; x_wconf 91' lang='lat' dir='ltr'>sint</span> <span class='ocrx_word' id='word_1_359' title='bbox 695 3496 768 3558; x_wconf 90' lang='lat' dir='ltr'>istae</span> <span class='ocrx_word' id='word_1_360' title='bbox 795 3494 1010 3557; x_wconf 88' lang='lat' dir='ltr'>aedificationes</span> <span class='ocrx_word' id='word_1_361' title='bbox 1039 3496 1233 3559; x_wconf 90' lang='lat' dir='ltr'>hirundinum</span> <span class='ocrx_word' id='word_1_362' title='bbox 1261 3496 1392 3559; x_wconf 90' lang='lat' dir='ltr'>diversae</span> <span class='ocrx_word' id='word_1_363' title='bbox 1419 3496 1534 3559; x_wconf 86' lang='lat' dir='ltr'>auidis</span> <span class='ocrx_word' id='word_1_364' title='bbox 1561 3516 1622 3559; x_wconf 93' lang='lat' dir='ltr'>non</span> <span class='ocrx_word' id='word_1_365' title='bbox 1649 3497 1833 3577; x_wconf 88' lang='lat' dir='ltr'>intellegam,</span> <span class='ocrx_word' id='word_1_366' title='bbox 1866 3495 1941 3557; x_wconf 91' lang='lat' dir='ltr'>mihi</span> 
     </span>
     <span class='ocr_line' id='line_1_30' title="bbox 243 3606 1939 3689; baseline 0.004 -28"><span class='ocrx_word' id='word_1_367' title='bbox 243 3620 417 3681; x_wconf 90' lang='lat' dir='ltr'>persuasum</span> <span class='ocrx_word' id='word_1_368' title='bbox 440 3614 493 3680; x_wconf 83' lang='lat' dir='ltr'>est,</span> <span class='ocrx_word' id='word_1_369' title='bbox 517 3606 573 3666; x_wconf 91' lang='lat' dir='ltr'>sub</span> <span class='ocrx_word' id='word_1_370' title='bbox 595 3626 694 3670; x_wconf 84' lang='lat' dir='ltr'>eornm</span> <span class='ocrx_word' id='word_1_371' title='bbox 715 3608 806 3670; x_wconf 82' lang='lat' dir='ltr'>latere</span> <span class='ocrx_word' id='word_1_372' title='bbox 827 3626 936 3669; x_wconf 90' lang='lat' dir='ltr'>nomen</span> <span class='ocrx_word' id='word_1_373' title='bbox 959 3607 1094 3669; x_wconf 90' lang='lat' dir='ltr'>animalis</span> <span class='ocrx_word' id='word_1_374' title='bbox 1115 3609 1238 3670; x_wconf 89' lang='lat' dir='ltr'>alicuius</span> <span class='ocrx_word' id='word_1_375' title='bbox 1259 3609 1379 3689; x_wconf 88' lang='lat' dir='ltr'>virgulis</span> <span class='ocrx_word' id='word_1_376' title='bbox 1401 3609 1616 3682; x_wconf 89' lang='lat' dir='ltr'>construentis,</span> <span class='ocrx_word' id='word_1_377' title='bbox 1645 3608 1725 3688; x_wconf 94' lang='lat' dir='ltr'>quod</span> <span class='ocrx_word' id='word_1_378' title='bbox 1754 3617 1852 3671; x_wconf 71' lang='lat' dir='ltr'>umen</span> <span class='ocrx_word' id='word_1_379' title='bbox 1879 3626 1939 3669; x_wconf 90' lang='lat' dir='ltr'>non</span> 
     </span>
     <span class='ocr_line' id='line_1_31' title="bbox 243 3713 572 3796; baseline 0.015 -23"><span class='ocrx_word' id='word_1_380' title='bbox 243 3713 325 3774; x_wconf 82' lang='lat' dir='ltr'>facile</span> <span class='ocrx_word' id='word_1_381' title='bbox 347 3718 572 3796; x_wconf 85' lang='lat' dir='ltr'>recuperaveris.</span> 
     </span>
    </p>

    <p class='ocr_par' dir='ltr' id='par_1_7' title="bbox 241 3827 1940 4808">
     <span class='ocr_line' id='line_1_32' title="bbox 385 3827 1940 3906; baseline 0.005 -19"><span class='ocrx_word' id='word_1_382' title='bbox 385 3827 474 3887; x_wconf 85' lang='lat' dir='ltr'><strong>XXII.</strong></span> <span class='ocrx_word' id='word_1_383' title='bbox 510 3828 601 3891; x_wconf 91' lang='lat' dir='ltr'>Paulo</span> <span class='ocrx_word' id='word_1_384' title='bbox 628 3830 705 3893; x_wconf 83' lang='lat' dir='ltr'>inira</span> <span class='ocrx_word' id='word_1_385' title='bbox 734 3831 806 3893; x_wconf 81' lang='lat' dir='ltr'>tales</span> <span class='ocrx_word' id='word_1_386' title='bbox 833 3850 915 3893; x_wconf 84' lang='lat' dir='ltr'>cases</span> <span class='ocrx_word' id='word_1_387' title='bbox 942 3831 1095 3894; x_wconf 90' lang='lat' dir='ltr'>etiamtum</span> <span class='ocrx_word' id='word_1_388' title='bbox 1127 3832 1271 3903; x_wconf 82' lang='lat' dir='ltr'>aedificari</span> <span class='ocrx_word' id='word_1_389' title='bbox 1300 3831 1371 3894; x_wconf 93' lang='lat' dir='ltr'>dicit</span> <span class='ocrx_word' id='word_1_390' title='bbox 1403 3832 1586 3894; x_wconf 89' lang='lat' dir='ltr'>‘nationibus</span> <span class='ocrx_word' id='word_1_391' title='bbox 1618 3831 1740 3906; x_wconf 82' lang='lat' dir='ltr'>exteris,</span> <span class='ocrx_word' id='word_1_392' title='bbox 1775 3832 1818 3894; x_wconf 88' lang='lat' dir='ltr'>uti</span> <span class='ocrx_word' id='word_1_393' title='bbox 1850 3832 1940 3894; x_wconf 90' lang='lat' dir='ltr'>Gallia</span> 
     </span>
     <span class='ocr_line' id='line_1_33' title="bbox 244 3936 1940 4024; baseline 0.004 -26"><span class='ocrx_word' id='word_1_394' title='bbox 244 3936 384 4017; x_wconf 87' lang='lat' dir='ltr'>Hispania</span> <span class='ocrx_word' id='word_1_395' title='bbox 406 3938 556 4001; x_wconf 88' lang='lat' dir='ltr'>Lusitania</span> <span class='ocrx_word' id='word_1_396' title='bbox 577 3942 672 4003; x_wconf 74' lang='lat' dir='ltr'>Africa</span> <span class='ocrx_word' id='word_1_397' title='bbox 686 3989 693 4003; x_wconf 91' lang='lat'>.</span> <span class='ocrx_word' id='word_1_398' title='bbox 707 3989 714 4003; x_wconf 91' lang='lat'>.</span> <span class='ocrx_word' id='word_1_399' title='bbox 728 3989 736 4004; x_wconf 89' lang='lat'><strong>.</strong></span> <span class='ocrx_word' id='word_1_400' title='bbox 748 3944 834 4023; x_wconf 74' lang='lat' dir='ltr'>Apud</span> <span class='ocrx_word' id='word_1_401' title='bbox 856 3944 1003 4006; x_wconf 88' lang='lat' dir='ltr'>nationem</span> <span class='ocrx_word' id='word_1_402' title='bbox 1027 3943 1202 4006; x_wconf 88' lang='lat' dir='ltr'>Colchorum</span> <span class='ocrx_word' id='word_1_403' title='bbox 1230 3943 1260 4004; x_wconf 91' lang='lat' dir='ltr'>iu</span> <span class='ocrx_word' id='word_1_404' title='bbox 1283 3943 1377 4005; x_wconf 89' lang='lat' dir='ltr'>Pouto</span> <span class='ocrx_word' id='word_1_405' title='bbox 1389 3990 1396 4004; x_wconf 91' lang='lat'>.</span> <span class='ocrx_word' id='word_1_406' title='bbox 1410 3990 1417 4004; x_wconf 90' lang='lat'><strong>.</strong></span> <span class='ocrx_word' id='word_1_407' title='bbox 1431 3990 1437 4005; x_wconf 93' lang='lat'>.</span> <span class='ocrx_word' id='word_1_408' title='bbox 1449 3944 1578 4024; x_wconf 84' lang='lat' dir='ltr'>Phryges</span> <span class='ocrx_word' id='word_1_409' title='bbox 1600 3963 1669 4005; x_wconf 90' lang='lat' dir='ltr'>vero</span> <span class='ocrx_word' id='word_1_410' title='bbox 1682 3989 1688 4004; x_wconf 94' lang='lat'><strong>.</strong></span> <span class='ocrx_word' id='word_1_411' title='bbox 1703 3989 1709 4003; x_wconf 91' lang='lat'><em>.</em></span> <span class='ocrx_word' id='word_1_412' title='bbox 1725 3990 1731 4004; x_wconf 91' lang='lat'><em>.</em></span> <span class='ocrx_word' id='word_1_413' title='bbox 1743 3943 1882 4005; x_wconf 91' lang='lat' dir='ltr'>Nonnulli</span> <span class='ocrx_word' id='word_1_414' title='bbox 1903 3963 1940 4005; x_wconf 84' lang='lat' dir='ltr'>ex</span> 
     </span>
     <span class='ocr_line' id='line_1_34' title="bbox 242 4049 1940 4136; baseline 0.005 -28"><span class='ocrx_word' id='word_1_415' title='bbox 242 4049 306 4110; x_wconf 87' lang='lat' dir='ltr'>ulva</span> <span class='ocrx_word' id='word_1_416' title='bbox 330 4051 452 4131; x_wconf 88' lang='lat' dir='ltr'>palustri</span> <span class='ocrx_word' id='word_1_417' title='bbox 476 4063 658 4133; x_wconf 87' lang='lat' dir='ltr'>componunt</span> <span class='ocrx_word' id='word_1_418' title='bbox 679 4055 796 4134; x_wconf 90' lang='lat' dir='ltr'>tuguria</span> <span class='ocrx_word' id='word_1_419' title='bbox 819 4064 903 4117; x_wconf 88' lang='lat' dir='ltr'>tecta.</span> <span class='ocrx_word' id='word_1_420' title='bbox 947 4056 1032 4136; x_wconf 75' lang='lat' dir='ltr'>Apud</span> <span class='ocrx_word' id='word_1_421' title='bbox 1055 4063 1166 4117; x_wconf 85' lang='lat' dir='ltr'>ceteras</span> <span class='ocrx_word' id='word_1_422' title='bbox 1188 4075 1306 4135; x_wconf 91' lang='lat' dir='ltr'>quoque</span> <span class='ocrx_word' id='word_1_423' title='bbox 1329 4065 1429 4134; x_wconf 87' lang='lat' dir='ltr'>gentes</span> <span class='ocrx_word' id='word_1_424' title='bbox 1452 4064 1482 4117; x_wconf 92' lang='lat' dir='ltr'>et</span> <span class='ocrx_word' id='word_1_425' title='bbox 1502 4056 1643 4116; x_wconf 88' lang='lat' dir='ltr'>nonnulla</span> <span class='ocrx_word' id='word_1_426' title='bbox 1665 4057 1728 4117; x_wconf 90' lang='lat' dir='ltr'>loca</span> <span class='ocrx_word' id='word_1_427' title='bbox 1750 4055 1813 4136; x_wconf 88' lang='lat' dir='ltr'>pari</span> <span class='ocrx_word' id='word_1_428' title='bbox 1834 4055 1940 4117; x_wconf 86' lang='lat' dir='ltr'>simili-</span> 
     </span>
     <span class='ocr_line' id='line_1_35' title="bbox 242 4163 1938 4246; baseline 0.005 -26"><span class='ocrx_word' id='word_1_429' title='bbox 242 4179 299 4239; x_wconf 91' lang='lat' dir='ltr'>que</span> <span class='ocrx_word' id='word_1_430' title='bbox 321 4163 435 4225; x_wconf 92' lang='lat' dir='ltr'>ratione</span> <span class='ocrx_word' id='word_1_431' title='bbox 457 4183 590 4226; x_wconf 89' lang='lat' dir='ltr'>casarum</span> <span class='ocrx_word' id='word_1_432' title='bbox 621 4165 816 4246; x_wconf 86' lang='lat' dir='ltr'>perficiuntur</span> <span class='ocrx_word' id='word_1_433' title='bbox 841 4167 1075 4229; x_wconf 86' lang='lat' dir='ltr'>constitutiones.</span> <span class='ocrx_word' id='word_1_434' title='bbox 1119 4166 1184 4228; x_wconf 90' lang='lat' dir='ltr'>Nou</span> <span class='ocrx_word' id='word_1_435' title='bbox 1214 4167 1313 4228; x_wconf 91' lang='lat' dir='ltr'>minus</span> <span class='ocrx_word' id='word_1_436' title='bbox 1342 4167 1429 4229; x_wconf 91' lang='lat' dir='ltr'>etiam</span> <span class='ocrx_word' id='word_1_437' title='bbox 1453 4167 1595 4228; x_wconf 85' lang='lat' dir='ltr'>Massiliae</span> <span class='ocrx_word' id='word_1_438' title='bbox 1609 4213 1616 4226; x_wconf 92' lang='lat'>.</span> <span class='ocrx_word' id='word_1_439' title='bbox 1630 4213 1637 4227; x_wconf 90' lang='lat'><em>.</em></span> <span class='ocrx_word' id='word_1_440' title='bbox 1651 4213 1658 4227; x_wconf 89' lang='lat'><strong>.</strong></span> <span class='ocrx_word' id='word_1_441' title='bbox 1671 4166 1793 4229; x_wconf 75' lang='lat' dir='ltr'>Athenis</span> <span class='ocrx_word' id='word_1_442' title='bbox 1806 4213 1813 4227; x_wconf 94' lang='lat'>.</span> <span class='ocrx_word' id='word_1_443' title='bbox 1827 4167 1938 4228; x_wconf 87' lang='lat' dir='ltr'>..item</span> 
     </span>
     <span class='ocr_line' id='line_1_36' title="bbox 241 4271 1939 4359; baseline 0.006 -28"><span class='ocrx_word' id='word_1_444' title='bbox 241 4272 272 4332; x_wconf 90' lang='lat' dir='ltr'>iu</span> <span class='ocrx_word' id='word_1_445' title='bbox 296 4271 508 4353; x_wconf 63' lang='lat' dir='ltr'>Capitolio..)</span> <span class='ocrx_word' id='word_1_446' title='bbox 550 4277 585 4338; x_wconf 88' lang='lat' dir='ltr'>ln</span> <span class='ocrx_word' id='word_1_447' title='bbox 607 4277 727 4357; x_wconf 91' lang='lat' dir='ltr'>reliquis</span> <span class='ocrx_word' id='word_1_448' title='bbox 749 4295 810 4338; x_wconf 92' lang='lat' dir='ltr'>non</span> <span class='ocrx_word' id='word_1_449' title='bbox 832 4277 961 4350; x_wconf 78' lang='lat' dir='ltr'>offendo,</span> <span class='ocrx_word' id='word_1_450' title='bbox 990 4279 1041 4338; x_wconf 92' lang='lat' dir='ltr'>sed</span> <span class='ocrx_word' id='word_1_451' title='bbox 1063 4278 1127 4339; x_wconf 91' lang='lat' dir='ltr'>illa:</span> <span class='ocrx_word' id='word_1_452' title='bbox 1158 4279 1235 4359; x_wconf 90' lang='lat' dir='ltr'>apud</span> <span class='ocrx_word' id='word_1_453' title='bbox 1258 4289 1369 4341; x_wconf 89' lang='lat' dir='ltr'>ceteras</span> <span class='ocrx_word' id='word_1_454' title='bbox 1400 4298 1517 4359; x_wconf 91' lang='lat' dir='ltr'>quoque</span> <span class='ocrx_word' id='word_1_455' title='bbox 1545 4288 1645 4358; x_wconf 87' lang='lat' dir='ltr'>gentes</span> <span class='ocrx_word' id='word_1_456' title='bbox 1668 4289 1723 4341; x_wconf 84' lang='lat' dir='ltr'>cet</span> <span class='ocrx_word' id='word_1_457' title='bbox 1746 4284 1787 4359; x_wconf 80' lang='lat' dir='ltr'>(p.</span> <span class='ocrx_word' id='word_1_458' title='bbox 1811 4279 1861 4353; x_wconf 83' lang='lat'>35,</span> <span class='ocrx_word' id='word_1_459' title='bbox 1885 4279 1939 4359; x_wconf 82' lang='lat'>16)</span> 
     </span>
     <span class='ocr_line' id='line_1_37' title="bbox 242 4384 1939 4471; baseline 0.004 -27"><span class='ocrx_word' id='word_1_460' title='bbox 242 4384 407 4447; x_wconf 88' lang='lat' dir='ltr'>Vitruvium</span> <span class='ocrx_word' id='word_1_461' title='bbox 435 4389 588 4469; x_wconf 89' lang='lat' dir='ltr'>scripsisse</span> <span class='ocrx_word' id='word_1_462' title='bbox 609 4408 670 4451; x_wconf 94' lang='lat' dir='ltr'>non</span> <span class='ocrx_word' id='word_1_463' title='bbox 693 4389 836 4462; x_wconf 89' lang='lat' dir='ltr'>adducor,</span> <span class='ocrx_word' id='word_1_464' title='bbox 865 4407 933 4450; x_wconf 91' lang='lat' dir='ltr'>nam</span> <span class='ocrx_word' id='word_1_465' title='bbox 955 4389 1070 4450; x_wconf 89' lang='lat' dir='ltr'>etiamsi</span> <span class='ocrx_word' id='word_1_466' title='bbox 1096 4390 1188 4451; x_wconf 89' lang='lat' dir='ltr'>multa</span> <span class='ocrx_word' id='word_1_467' title='bbox 1213 4390 1318 4452; x_wconf 91' lang='lat' dir='ltr'>habeat</span> <span class='ocrx_word' id='word_1_468' title='bbox 1340 4410 1443 4471; x_wconf 92' lang='lat' dir='ltr'>parum</span> <span class='ocrx_word' id='word_1_469' title='bbox 1468 4390 1622 4469; x_wconf 90' lang='lat' dir='ltr'>elegantia,</span> <span class='ocrx_word' id='word_1_470' title='bbox 1653 4390 1737 4471; x_wconf 93' lang='lat' dir='ltr'>plane</span> <span class='ocrx_word' id='word_1_471' title='bbox 1764 4390 1890 4453; x_wconf 87' lang='lat' dir='ltr'>absurda</span> <span class='ocrx_word' id='word_1_472' title='bbox 1912 4391 1939 4451; x_wconf 94' lang='lat' dir='ltr'>ei</span> 
     </span>
     <span class='ocr_line' id='line_1_38' title="bbox 241 4496 1937 4582; baseline 0.005 -27"><span class='ocrx_word' id='word_1_473' title='bbox 241 4496 387 4576; x_wconf 86' lang='lat' dir='ltr'>imputare</span> <span class='ocrx_word' id='word_1_474' title='bbox 415 4518 475 4561; x_wconf 90' lang='lat' dir='ltr'>nou</span> <span class='ocrx_word' id='word_1_475' title='bbox 503 4500 590 4561; x_wconf 93' lang='lat' dir='ltr'>licere</span> <span class='ocrx_word' id='word_1_476' title='bbox 617 4512 698 4582; x_wconf 86' lang='lat' dir='ltr'>puto.</span> <span class='ocrx_word' id='word_1_477' title='bbox 745 4500 802 4562; x_wconf 86' lang='lat' dir='ltr'>Sed</span> <span class='ocrx_word' id='word_1_478' title='bbox 824 4518 883 4580; x_wconf 92' lang='lat' dir='ltr'>quo</span> <span class='ocrx_word' id='word_1_479' title='bbox 906 4499 994 4562; x_wconf 92' lang='lat' dir='ltr'>modo</span> <span class='ocrx_word' id='word_1_480' title='bbox 1020 4500 1091 4562; x_wconf 87' lang='lat' dir='ltr'>vitio</span> <span class='ocrx_word' id='word_1_481' title='bbox 1117 4501 1187 4562; x_wconf 91' lang='lat' dir='ltr'>huic</span> <span class='ocrx_word' id='word_1_482' title='bbox 1217 4503 1350 4563; x_wconf 85' lang='lat' dir='ltr'>medeare</span> <span class='ocrx_word' id='word_1_483' title='bbox 1373 4501 1489 4564; x_wconf 84' lang='lat' dir='ltr'>difficile</span> <span class='ocrx_word' id='word_1_484' title='bbox 1511 4511 1557 4563; x_wconf 91' lang='lat' dir='ltr'>est</span> <span class='ocrx_word' id='word_1_485' title='bbox 1584 4502 1673 4564; x_wconf 89' lang='lat' dir='ltr'>dictu.</span> <span class='ocrx_word' id='word_1_486' title='bbox 1716 4502 1791 4564; x_wconf 92' lang='lat' dir='ltr'>Illud</span> <span class='ocrx_word' id='word_1_487' title='bbox 1818 4503 1937 4582; x_wconf 92' lang='lat' dir='ltr'>quidem</span> 
     </span>
     <span class='ocr_line' id='line_1_39' title="bbox 241 4611 1937 4694; baseline 0.005 -26"><span class='ocrx_word' id='word_1_488' title='bbox 241 4616 356 4670; x_wconf 88' lang='lat' dir='ltr'>certum</span> <span class='ocrx_word' id='word_1_489' title='bbox 378 4612 502 4686; x_wconf 89' lang='lat' dir='ltr'>videtur,</span> <span class='ocrx_word' id='word_1_490' title='bbox 533 4621 627 4673; x_wconf 89' lang='lat' dir='ltr'>terrae</span> <span class='ocrx_word' id='word_1_491' title='bbox 650 4613 772 4675; x_wconf 93' lang='lat' dir='ltr'>alicuius</span> <span class='ocrx_word' id='word_1_492' title='bbox 794 4631 904 4674; x_wconf 92' lang='lat' dir='ltr'>nomen</span> <span class='ocrx_word' id='word_1_493' title='bbox 925 4611 1114 4674; x_wconf 80' lang='lat' dir='ltr'>exturbatum</span> <span class='ocrx_word' id='word_1_494' title='bbox 1136 4631 1200 4675; x_wconf 89' lang='lat' dir='ltr'>esse</span> <span class='ocrx_word' id='word_1_495' title='bbox 1223 4614 1362 4676; x_wconf 87' lang='lat' dir='ltr'>vocabulo</span> <span class='ocrx_word' id='word_1_496' title='bbox 1385 4623 1497 4686; x_wconf 85' lang='lat' dir='ltr'>ceteros,</span> <span class='ocrx_word' id='word_1_497' title='bbox 1520 4614 1600 4694; x_wconf 92' lang='lat' dir='ltr'>quod</span> <span class='ocrx_word' id='word_1_498' title='bbox 1621 4614 1687 4676; x_wconf 91' lang='lat' dir='ltr'>vide</span> <span class='ocrx_word' id='word_1_499' title='bbox 1708 4633 1746 4675; x_wconf 91' lang='lat' dir='ltr'>ne</span> <span class='ocrx_word' id='word_1_500' title='bbox 1768 4616 1808 4677; x_wconf 92' lang='lat' dir='ltr'>sit</span> <span class='ocrx_word' id='word_1_501' title='bbox 1830 4613 1937 4687; x_wconf 83' lang='lat' dir='ltr'>Cretae,</span> 
     </span>
     <span class='ocr_line' id='line_1_40' title="bbox 242 4724 1936 4808; baseline 0.004 -28"><span class='ocrx_word' id='word_1_502' title='bbox 242 4730 275 4781; x_wconf 92' lang='lat' dir='ltr'>ut</span> <span class='ocrx_word' id='word_1_503' title='bbox 297 4725 545 4800; x_wconf 89' lang='lat' dir='ltr'>quemadmodum</span> <span class='ocrx_word' id='word_1_504' title='bbox 568 4742 656 4806; x_wconf 89' lang='lat' dir='ltr'>supra</span> <span class='ocrx_word' id='word_1_505' title='bbox 672 4725 782 4787; x_wconf 90' lang='lat' dir='ltr'>dictum</span> <span class='ocrx_word' id='word_1_506' title='bbox 805 4735 851 4786; x_wconf 91' lang='lat' dir='ltr'>est</span> <span class='ocrx_word' id='word_1_507' title='bbox 872 4725 951 4806; x_wconf 83' lang='lat' dir='ltr'>cpnd</span> <span class='ocrx_word' id='word_1_508' title='bbox 965 4729 1110 4788; x_wconf 82' lang='lat' dir='ltr'>notionem</span> <span class='ocrx_word' id='word_1_509' title='bbox 1125 4724 1291 4789; x_wconf 73' lang='lat' dir='ltr'>centonem</span> <span class='ocrx_word' id='word_1_510' title='bbox 1313 4726 1361 4788; x_wconf 92' lang='lat' dir='ltr'>hic</span> <span class='ocrx_word' id='word_1_511' title='bbox 1383 4725 1472 4787; x_wconf 85' lang='lat' dir='ltr'>luerit</span> <span class='ocrx_word' id='word_1_512' title='bbox 1494 4726 1572 4806; x_wconf 85' lang='lat' dir='ltr'>opnd</span> <span class='ocrx_word' id='word_1_513' title='bbox 1589 4725 1687 4789; x_wconf 83' lang='lat' dir='ltr'>Cretae</span> <span class='ocrx_word' id='word_1_514' title='bbox 1703 4745 1811 4808; x_wconf 80' lang='lat' dir='ltr'>quoqne</span> <span class='ocrx_word' id='word_1_515' title='bbox 1832 4737 1936 4806; x_wconf 77' lang='lat' dir='ltr'>pentes,</span> 
     </span>
    </p>
   </div>
   <div class='ocr_carea' id='block_1_3' title="bbox 241 4877 453 4892">
    <p class='ocr_par' dir='ltr' id='par_1_8' title="bbox 241 4877 453 4892">
     <span class='ocr_line' id='line_1_41' title="bbox 241 4877 453 4892; baseline 0.005 -1"><span class='ocrx_word' id='word_1_516' title='bbox 241 4877 453 4892; x_wconf 48' lang='lat'>*-</span> 
     </span>
    </p>
   </div>
   <div class='ocr_carea' id='block_1_4' title="bbox 387 4984 1936 5056">
    <p class='ocr_par' dir='ltr' id='par_1_9' title="bbox 387 4984 1936 5056">
     <span class='ocr_line' id='line_1_42' title="bbox 387 4984 1936 5056; baseline 0.001 -22"><span class='ocrx_word' id='word_1_517' title='bbox 387 4984 407 5046; x_wconf 91' lang='lat'>¹)</span> <span class='ocrx_word' id='word_1_518' title='bbox 426 4985 555 5038; x_wconf 78' lang='lat' dir='ltr'>invalidus</span> <span class='ocrx_word' id='word_1_519' title='bbox 578 4988 644 5039; x_wconf 78' lang='lat' dir='ltr'>dixit</span> <span class='ocrx_word' id='word_1_520' title='bbox 667 4987 698 5041; x_wconf 92' lang='lat' dir='ltr'>V.</span> <span class='ocrx_word' id='word_1_521' title='bbox 720 5002 856 5054; x_wconf 69' lang='lat' dir='ltr'>nunquam</span> <span class='ocrx_word' id='word_1_522' title='bbox 884 4987 984 5041; x_wconf 80' lang='lat' dir='ltr'>validos</span> <span class='ocrx_word' id='word_1_523' title='bbox 1007 4986 1245 5056; x_wconf 78' lang='lat' dir='ltr'>spiritm192,28;</span> <span class='ocrx_word' id='word_1_524' title='bbox 1271 4984 1383 5038; x_wconf 78' lang='lat' dir='ltr'>ferroris</span> <span class='ocrx_word' id='word_1_525' title='bbox 1405 4985 1516 5039; x_wconf 82' lang='lat' dir='ltr'>validam</span> <span class='ocrx_word' id='word_1_526' title='bbox 1539 4987 1696 5041; x_wconf 81' lang='lat' dir='ltr'>inflationem</span> <span class='ocrx_word' id='word_1_527' title='bbox 1714 4987 1772 5052; x_wconf 81' lang='lat'>193,</span> <span class='ocrx_word' id='word_1_528' title='bbox 1787 4988 1833 5049; x_wconf 87' lang='lat'>11;</span> <span class='ocrx_word' id='word_1_529' title='bbox 1860 5000 1936 5036; x_wconf 76' lang='lat' dir='ltr'>orare</span> 
     </span>
    </p>
   </div>
   <div class='ocr_carea' id='block_1_5' title="bbox 242 5071 1776 5213">
    <p class='ocr_par' dir='ltr' id='par_1_10' title="bbox 242 5071 1776 5213">
     <span class='ocr_line' id='line_1_43' title="bbox 242 5071 1502 5141; baseline 0.005 -23"><span class='ocrx_word' id='word_1_530' title='bbox 242 5079 419 5121; x_wconf 85' lang='lat' dir='ltr'>conmemorat</span> <span class='ocrx_word' id='word_1_531' title='bbox 431 5071 519 5137; x_wconf 83' lang='grc'>205,2</span> <span class='ocrx_word' id='word_1_532' title='bbox 538 5088 594 5124; x_wconf 87' lang='lat' dir='ltr'>cum</span> <span class='ocrx_word' id='word_1_533' title='bbox 612 5074 677 5127; x_wconf 77' lang='lat' dir='ltr'>dicit</span> <span class='ocrx_word' id='word_1_534' title='bbox 694 5091 737 5127; x_wconf 86' lang='lat' dir='ltr'>eos</span> <span class='ocrx_word' id='word_1_535' title='bbox 756 5075 799 5140; x_wconf 86' lang='lat' dir='ltr'>qui</span> <span class='ocrx_word' id='word_1_536' title='bbox 818 5076 882 5126; x_wconf 81' lang='lat' dir='ltr'>bona</span> <span class='ocrx_word' id='word_1_537' title='bbox 900 5090 964 5141; x_wconf 83' lang='lat' dir='ltr'>aqna</span> <span class='ocrx_word' id='word_1_538' title='bbox 982 5080 1088 5125; x_wconf 78' lang='lat' dir='ltr'>utentur</span> <span class='ocrx_word' id='word_1_539' title='bbox 1106 5089 1163 5126; x_wconf 84' lang='lat' dir='ltr'>esse</span> <span class='ocrx_word' id='word_1_540' title='bbox 1182 5074 1301 5125; x_wconf 88' lang='lat' dir='ltr'>cruribus</span> <span class='ocrx_word' id='word_1_541' title='bbox 1319 5090 1370 5125; x_wconf 85' lang='lat' dir='ltr'>non</span> <span class='ocrx_word' id='word_1_542' title='bbox 1388 5075 1502 5126; x_wconf 84' lang='lat' dir='ltr'>vitiosis.</span> 
     </span>
     <span class='ocr_line' id='line_1_44' title="bbox 292 5154 1776 5213; baseline 0.013 -19"><span class='ocrx_word' id='word_1_543' title='bbox 292 5157 352 5195; x_wconf 81' lang='lat' dir='ltr'>uses.</span> <span class='ocrx_word' id='word_1_544' title='bbox 384 5155 410 5197; x_wconf 87' lang='lat' dir='ltr'>u.</span> <span class='ocrx_word' id='word_1_545' title='bbox 424 5154 453 5197; x_wconf 70' lang='lat' dir='ltr'>tt</span> <span class='ocrx_word' id='word_1_546' title='bbox 1759 5159 1776 5213; x_wconf 83' lang='grc'><strong>3</strong></span> 
     </span>
    </p>
   </div>
   <div class='ocr_carea' id='block_1_6' title="bbox 0 0 2190 5640">
    <p class='ocr_par' dir='ltr' id='par_1_11' title="bbox 0 0 2190 5640">
     <span class='ocr_line' id='line_1_45' title="bbox 0 0 2190 5640; baseline 0 1"><span class='ocrx_word' id='word_1_547' title='bbox 0 0 2190 5640; x_wconf 95' lang='lat' dir='ltr'> </span> 
     </span>
    </p>
   </div>
  </div>
 </body>
</html>
