4372 5640
674 1330 1042 1439 Antenora
1078 1329 1522 1434 VI'lRVVlANA.

1022 1593 1180 1602 ...ι-ι...-

247 1802 293 1908 St
314 1845 383 1926 quis
404 1863 458 1925 per
479 1853 573 1906 artam
597 1843 699 1906 sallem
723 1848 880 1922 prospectu
895 1838 1037 1920 impedito
1052 1857 1164 1919 pronus
1186 1837 1217 1900 in
1240 1838 1333 1901 altum
1355 1837 1486 1912 enititur,
1509 1857 1594 1919 saepe
1616 1837 1650 1901 tit
1671 1847 1706 1902 ut
1725 1838 1837 1902 invitus
1856 1821 1948 1921 piene

247 1961 380 2020 animum
404 1956 562 2035 oculosque
584 1955 717 2016 advertat
737 1953 773 2014 ad
796 1971 839 2025 ea,
867 1970 943 2031 quae
965 1969 1056 2032 prope
1078 1950 1154 2013 riam
1177 1960 1340 2013 nuscuntur
1361 1951 1421 2012 sire
1444 1951 1583 2013 bestiolae
1604 1961 1676 2023 sunt
1696 1951 1758 2014 sive
1780 1952 1896 2026 herbae,
1920 1962 1950 2015 et

247 2068 360 2133 itineris
383 2067 547 2129 molestiam
571 2065 688 2128 minuat
713 2064 819 2145 gaudio
849 2063 952 2126 talium
981 2082 1082 2126 rerum
1105 2063 1291 2143 parvularum
1314 2062 1443 2142 aliasque
1471 2062 1678 2143 neglectarum.
1723 2064 1867 2127 Similiter
1895 2084 1949 2145 ego

246 2199 316 2243 cum
337 2179 465 2242 indicem
488 2178 691 2241 Vitruvianum
715 2194 924 2257 componerem
953 2194 1013 2238 non
1035 2175 1119 2256 potui
1142 2174 1300 2255 praeterire
1322 2175 1429 2248 multa,
1450 2193 1526 2255 qnae
1554 2195 1622 2238 cum
1648 2175 1712 2256 ipsa
1733 2195 1787 2256 per
1808 2195 1839 2241 se
1861 2196 1949 2257 parra

248 2293 430 2364 viderentur,
456 2291 536 2352 inter
556 2308 631 2370 opus
654 2289 741 2351 taedii
763 2288 884 2368 plenum
912 2287 1038 2367 aliquam
1069 2297 1147 2349 certe
1179 2288 1388 2351 recreationem
1417 2287 1605 2367 praebebant.
1650 2288 1731 2360 Quae
1753 2306 1801 2351 nte
1828 2288 1947 2351 interim

247 2405 321 2466 laeta
345 2403 440 2465 tristia
454 2421 492 2464 ne
514 2402 561 2464 lais
583 2400 837 2464 observationibus
859 2399 1002 2463 insistens
1024 2399 1122 2462 omnia
1146 2400 1364 2479 complecterer,
1386 2399 1495 2479 quilius
1512 2399 1661 2462 Vitruvius
1682 2400 1805 2463 discedit
1824 2420 1842 2462 a
1864 2420 1948 2463 com-

249 2515 333 2600 muni
355 2515 495 2595 loquendi
516 2533 584 2588 usu,
611 2512 801 2594 impedierint
822 2530 968 2592 exponere
991 2521 1021 2574 et
1042 2512 1163 2591 longum
1186 2521 1307 2575 estnec
1328 2511 1417 2575 hrdns
1439 2512 1508 2574 loci:
1536 2512 1586 2574 diu
1607 2512 1776 2576 intermissa
1798 2513 1894 2576 studia
1916 2522 1949 2576 ut

247 2645 414 2690 revocarem
436 2625 655 2708 speciminaque
677 2625 749 2687 haec
763 2643 957 2705 proponerem
974 2628 1083 2686 lactum
1100 2632 1146 2686 est
1167 2624 1224 2686 hoe
1238 2623 1385 2686 scribendi
1400 2642 1524 2687 munere
1538 2624 1612 2687 mihi
1631 2624 1775 2700 iniuncto,
1797 2634 1828 2687 et
1842 2644 1949 2705 quam·

233 2728 335 2820 ‘mam
359 2758 431 2801 sane
445 2739 611 2819 periculum
633 2746 680 2800 est
700 2755 739 2799 ne
760 2735 939 2800 severissimi
960 2735 1003 2797 illi
1023 2735 1129 2798 harum
1152 2735 1346 2816 scriptionum
1364 2737 1603 2801 scholasticarum
1627 2756 1765 2801 censores
1785 2736 1947 2806 insolenter

247 2852 330 2914 abuti
352 2870 408 2912 nos
429 2850 529 2912 (lirant
550 2849 661 2912 chartis
682 2848 874 2911 decurionum
898 2847 1017 2909 decreto
1037 2847 1123 2920 datis,
1144 2847 1181 2910 ad
1205 2847 1327 2910 Vitruvii
1353 2867 1518 2913 sermonem
1541 2849 1780 2930 cognoscendum
1802 2849 1948 2929 verbaque

246 2962 429 3026 emendanda
450 2961 587 3024 nonnihil
609 2963 743 3024 conterre
765 2960 947 3023 conabimur.

389 3075 411 3135 l
443 3073 604 3136 Nominum
620 3090 695 3153 quae
709 3073 855 3135 anaceto
875 3071 972 3134 tune
987 3069 1195 3134 consuevimus
1216 3089 1342 3133 numero
1364 3072 1468 3151 plurali
1484 3082 1600 3136 mustat
1618 3074 1692 3137 alios
1706 3074 1865 3157 scriptores
1879 3094 1948 3141 raro

245 3205 316 3248 usos
338 3204 413 3259 esse,
441 3186 521 3247 velut
543 3185 703 3247 Varronem
723 3183 895 3247 Sallustium
917 3183 1081 3256 Caesarem,
1110 3183 1182 3245 alios
1204 3182 1330 3262 saepius,
1360 3184 1440 3246 velut
1461 3165 1633 3249 Ciceronem
1654 3186 1783 3250 Plinium
1806 3190 1946 3252 nidorem

245 3298 369 3360 Gellium
397 3296 574 3377 Appuleium
601 3296 782 3370 Amulium,
815 3294 924 3375 quibus
951 3294 1115 3358 Vitruvium
1149 3294 1255 3356 addere
1282 3313 1341 3357 non
1372 3295 1484 3359 dubito.
1530 3297 1625 3361 Habet
1650 3298 1730 3361 enim
1760 3318 1819 3362 uon
1847 3301 1948 3365 minus

245 3409 340 3471 00011
360 3409 575 3471 abstracturum
604 3408 740 3489 pluralia,
766 3426 895 3487 quorum
925 3408 1027 3469 multis
1056 3407 1190 3487 quidem,
1216 3409 1325 3489 quippe
1355 3415 1404 3471 ‘eu
1433 3409 1505 3470 artis
1530 3410 1649 3490 propria
1671 3411 1845 3475 necessitate
1873 3433 1947 3477 cou-

244 3520 350 3600 ceptis’
377 3520 441 3582 lieri
461 3539 522 3582 non
544 3520 642 3601 potuit
663 3520 736 3599 quin
758 3529 901 3592 uteretur,
929 3528 963 3581 ut
984 3519 1032 3581 his
1053 3538 1128 3599 quae
1154 3522 1216 3583 lero
1237 3530 1373 3583 concreta
1396 3530 1467 3583 sunt
1489 3524 1564 3583 iacta
1585 3522 1767 3602 alligationes
1791 3524 1947 3600 Binder,

244 3621 639 3712 aperturaelltlnuugen,
661 3631 867 3695 circinationes
888 3631 1031 3705 limiae,
1053 3631 1265 3695 commissurae
1280 3632 1417 3712 Fugen,
1440 3633 1604 3697 exoniones
1625 3634 1864 3698 lussclsuitte
1879 3647 1946 3711 cet,

244 3743 383 3823 pleraque
405 3752 503 3805 antem
526 3742 621 3823 ipsius
641 3742 760 3822 ingenio
781 3751 811 3804 et
839 3742 948 3804 iudicio
976 3743 1132 3816 debentur,
1161 3763 1230 3806 cum
1260 3752 1378 3824 putaret
1407 3744 1584 3824 singularem
1615 3746 1762 3825 quandam
1792 3767 1823 3809 se
1850 3749 1946 3826 gravi-

245 3865 334 3917 tatem
365 3854 405 3917 ita
434 3854 541 3917 addere
572 3872 660 3935 posse
687 3853 824 3917 orationi.
867 3855 969 3934 ltaque
997 3855 1028 3917 in
1057 3855 1185 3919 exordiis
1215 3855 1403 3936 potissimum
1434 3856 1504 3919 huic
1532 3857 1629 3921 studio
1658 3858 1791 3938 indulget
1820 3869 1854 3921 ut
1879 3862 1945 3922 talia

244 3966 445 4028 inveniamus:
482 3985 547 4028 eum
579 3966 646 4027 duee
677 3970 735 4028 siret
766 3971 878 4046 mugnis
911 3967 1109 4029 doun’norum
1144 3967 1367 4031 iueuadituts'due
1402 3969 1606 4032 ammadversu
1639 3979 1691 4031 aut
1722 3986 1802 4049 reges
1834 3971 1948 4034 Attalici

243 4082 352 4157 mugnis
370 4078 542 4158 philologiae
564 4077 761 4139 dulcedinibus
782 4079 900 4140 adducti
921 4087 974 4139 aut
1000 4091 1153 4159 praecepta
1174 4083 1345 4159 sopieruium
1366 4079 1510 4142 cotidiano
1528 4086 1674 4160 perpetuis
1696 4083 1846 4144 industriis
1869 4085 1946 4146 culto

243 4197 295 4249 aut
319 4193 436 4269 eprep‘s‘s
456 4193 637 4269 ingoaranae
658 4188 790 4250 sollertiis
812 4207 849 4250 er
869 4208 940 4251 ceco
965 4190 1091 4252 scalmos

386 4299 429 4359 Eu
454 4301 593 4362 trecentis
620 4299 736 4361 duobus
763 4299 820 4361 illis
847 4300 993 4363 vocabulis
1023 4301 1100 4380 apud
1128 4300 1304 4380 liraegerum
1332 4302 1414 4363 hist.
1441 4301 1622 4382 Syntaxl'
1647 4321 1675 4382 p.
1694 4303 1817 4364 11-17
1843 4305 1944 4383 requi-

243 4411 337 4473 rimus
356 4409 458 4473 0111111
488 4411 534 4490 (ea
563 4412 637 4473 inira
667 4412 775 4473 dantur
804 4411 973 4492 inclinatis),
1003 4431 1131 4492 quorum
1163 4412 1217 4474 tria
1247 4413 1374 4492 Georges
1402 4412 1433 4474 in
1464 4413 1634 4475 recensione
1665 4413 1731 4474 libri
1756 4414 1943 4494 liraegeriani

243 4523 378 4598 (Bursian
408 4522 687 4584 Jahreslrerielat
709 4523 803 4587 1111111
824 4543 853 4603 p.
869 4523 945 4602 424)
976 4543 1011 4585 ex
1041 4524 1170 4586 Vitruvio
1181 4525 1206 4602 ¹)
1236 4525 1343 4598 attulit,
1373 4525 1457 4604 plura
1483 4525 1514 4587 in
1542 4525 1681 4587 thesauro
1709 4545 1765 4588 suo
1797 4527 1855 4605 (ed.
1879 4527 1942 4605 Vll)

377 4734 396 4794 ¹)
417 4733 483 4784 iden
502 4731 696 4783 observationes
714 4732 778 4798 apud
797 4733 954 4797 Ciceronem,
973 4733 1150 4800 expeditiones
1168 4734 1232 4800 apud
1252 4733 1363 4785 llirtiurn
1381 4734 1432 4796 legi
1451 4734 1537 4797 docet,
1561 4733 1716 4786 subtilitates
1739 4750 1767 4783 eu
1792 4735 1942 4784 cassiodoro

242 4817 326 4882 uliert,
344 4834 393 4884 qno
411 4819 471 4869 item
489 4834 551 4869 usna
570 4826 610 4868 est
630 4818 771 4870 vitrasius.
808 4818 926 4868 Ceterum
944 4835 975 4870 ex
995 4820 1026 4869 iis
1046 4837 1108 4886 quse
1128 4818 1236 4870 inirent
1254 4834 1268 4868 e
1284 4819 1413 4882 liraegero
1428 4819 1522 4870 omissa
1542 4826 1709 4870 recensentur
1730 4819 1778 4870 ianr
1792 4819 1942 4870 Cornificius

242 4902 317 4952 habet
336 4903 542 4968 constitutiones,
561 4903 652 4954 Cicero
672 4909 808 4953 concentus
828 4903 1007 4970 expolitiones,
1025 4905 1120 4956 Caesar
1138 4904 1254 4956 deiectus
1272 4919 1403 4955 mensurae
1421 4905 1580 4972 pressiones3
1604 4918 1667 4972 qnae
1690 4906 1716 4957 in
1740 4902 1803 4956 adl
1821 4904 1943 4967 llrsegcrl

242 4989 396 5052 legebantur
413 4989 459 5041 sub
471 5005 489 5040 a
506 4990 712 5056 eonsuetudines,
730 4989 777 5040 sols
795 4990 810 5039 d
828 4991 1016 5057 expeditiones,
1034 4992 1060 5042 in
1079 4992 1161 5042 altera
1181 4992 1295 5043 editione
1313 5007 1376 5042 essu
1395 4992 1514 5043 ridentur
1532 4991 1669 5044 excidisse.

1753 5075 1783 5129 l*
